Region,Country,Item Type,Sales Channel,Order Priority,Order Date,Order ID,Ship Date,Units Sold,Unit Price,Unit Cost,Total Revenue,Total Cost,Total Profit
Sub-Saharan Africa,Chad,Office Supplies,Online,L,1/27/2011,292494523,2/12/2011,4484,651.21,524.96,2920025.64,2353920.64,566105.00
Europe,Latvia,Beverages,Online,C,12/28/2015,361825549,1/23/2016,1075,47.45,31.79,51008.75,34174.25,16834.50
Middle East and North Africa,Pakistan,Vegetables,Offline,C,1/13/2011,141515767,2/1/2011,6515,154.06,90.93,1003700.90,592408.95,411291.95
Sub-Saharan Africa,Democratic Republic of the Congo,Household,Online,C,9/11/2012,500364005,10/6/2012,7683,668.27,502.54,5134318.41,3861014.82,1273303.59
Europe,Czech Republic,Beverages,Online,C,10/27/2015,127481591,12/5/2015,3491,47.45,31.79,165647.95,110978.89,54669.06
Sub-Saharan Africa,South Africa,Beverages,Offline,H,7/10/2012,482292354,8/21/2012,9880,47.45,31.79,468806.00,314085.20,154720.80
Asia,Laos,Vegetables,Online,L,2/20/2011,844532620,3/20/2011,4825,154.06,90.93,743339.50,438737.25,304602.25
Asia,China,Baby Food,Online,C,4/10/2017,564251220,5/12/2017,3330,255.28,159.42,850082.40,530868.60,319213.80
Sub-Saharan Africa,Eritrea,Meat,Online,L,11/21/2014,411809480,1/10/2015,2431,421.89,364.69,1025614.59,886561.39,139053.20
Central America and the Caribbean,Haiti,Office Supplies,Online,C,7/4/2015,327881228,7/20/2015,6197,651.21,524.96,4035548.37,3253177.12,782371.25
Sub-Saharan Africa,Zambia,Cereal,Offline,M,7/26/2016,773452794,8/24/2016,724,205.70,117.11,148926.80,84787.64,64139.16
Europe,Bosnia and Herzegovina,Baby Food,Offline,M,10/20/2012,479823005,11/15/2012,9145,255.28,159.42,2334535.60,1457895.90,876639.70
Europe,Germany,Office Supplies,Online,C,2/22/2015,498603188,2/27/2015,6618,651.21,524.96,4309707.78,3474185.28,835522.50
Asia,India,Household,Online,C,8/27/2016,151717174,9/2/2016,5338,668.27,502.54,3567225.26,2682558.52,884666.74
Middle East and North Africa,Algeria,Clothes,Offline,C,6/21/2011,181401288,7/21/2011,9527,109.28,35.84,1041110.56,341447.68,699662.88
Australia and Oceania,Palau,Snacks,Offline,L,9/19/2013,500204360,10/4/2013,441,152.58,97.44,67287.78,42971.04,24316.74
Central America and the Caribbean,Cuba,Beverages,Online,H,11/15/2015,640987718,11/30/2015,1365,47.45,31.79,64769.25,43393.35,21375.90
Europe,Vatican City,Beverages,Online,L,4/6/2015,206925189,4/27/2015,2617,47.45,31.79,124176.65,83194.43,40982.22
Middle East and North Africa,Lebanon,Personal Care,Offline,H,4/12/2010,221503102,5/19/2010,6545,81.73,56.67,534922.85,370905.15,164017.70
Europe,Lithuania,Snacks,Offline,H,9/26/2011,878520286,10/2/2011,2530,152.58,97.44,386027.40,246523.20,139504.20
Sub-Saharan Africa,Mauritius ,Cosmetics,Offline,H,5/14/2016,192088067,6/18/2016,1983,437.20,263.33,866967.60,522183.39,344784.21
Europe,Ukraine,Office Supplies,Online,C,8/14/2010,746630275,8/31/2010,3345,651.21,524.96,2178297.45,1755991.20,422306.25
Europe,Russia,Snacks,Offline,L,4/13/2012,246883237,4/22/2012,7091,152.58,97.44,1081944.78,690947.04,390997.74
Asia,Japan,Cosmetics,Offline,H,9/19/2013,967895781,9/28/2013,725,437.20,263.33,316970.00,190914.25,126055.75
Europe,Russia,Meat,Offline,L,12/2/2015,305029237,12/26/2015,3784,421.89,364.69,1596431.76,1379986.96,216444.80
Europe,Liechtenstein,Vegetables,Offline,L,2/26/2017,223957431,2/28/2017,2835,154.06,90.93,436760.10,257786.55,178973.55
Europe,Greece,Clothes,Online,C,10/9/2016,510666692,10/13/2016,6477,109.28,35.84,707806.56,232135.68,475670.88
Europe,Albania,Baby Food,Offline,C,5/20/2011,121455848,6/19/2011,339,255.28,159.42,86539.92,54043.38,32496.54
Australia and Oceania,Federated States of Micronesia,Baby Food,Online,M,10/24/2013,332936227,12/3/2013,2083,255.28,159.42,531748.24,332071.86,199676.38
Central America and the Caribbean,Dominica,Beverages,Offline,H,6/14/2011,692031657,7/20/2011,6401,47.45,31.79,303727.45,203487.79,100239.66
Europe,Andorra,Office Supplies,Online,M,6/20/2015,365978467,7/21/2015,16,651.21,524.96,10419.36,8399.36,2020.00
Europe,Switzerland,Personal Care,Online,M,8/5/2011,392325484,9/1/2011,6684,81.73,56.67,546283.32,378782.28,167501.04
Central America and the Caribbean,Trinidad and Tobago,Baby Food,Offline,L,11/30/2016,528934037,1/9/2017,2191,255.28,159.42,559318.48,349289.22,210029.26
Europe,San Marino,Vegetables,Online,H,7/5/2015,603977954,7/29/2015,9353,154.06,90.93,1440923.18,850468.29,590454.89
Central America and the Caribbean,Nicaragua,Fruits,Online,L,3/25/2015,965943562,5/9/2015,3020,9.33,6.92,28176.60,20898.40,7278.20
Middle East and North Africa,Azerbaijan,Cosmetics,Online,M,8/22/2013,233629691,8/30/2013,5072,437.20,263.33,2217478.40,1335609.76,881868.64
Asia,Bangladesh,Personal Care,Online,L,12/11/2016,246147668,1/13/2017,9420,81.73,56.67,769896.60,533831.40,236065.20
Europe,Serbia,Beverages,Online,H,6/23/2013,212921321,7/18/2013,7005,47.45,31.79,332387.25,222688.95,109698.30
Sub-Saharan Africa,Mauritius ,Fruits,Offline,H,5/8/2015,763686978,5/13/2015,803,9.33,6.92,7491.99,5556.76,1935.23
Central America and the Caribbean,Jamaica,Baby Food,Offline,H,10/24/2016,798493468,11/24/2016,816,255.28,159.42,208308.48,130086.72,78221.76
Europe,Italy,Cereal,Offline,H,3/10/2013,637702119,4/4/2013,9083,205.70,117.11,1868373.10,1063710.13,804662.97
Asia,Bhutan,Clothes,Offline,L,3/18/2012,671986758,5/4/2012,4670,109.28,35.84,510337.60,167372.80,342964.80
Middle East and North Africa,Turkey,Clothes,Online,L,2/11/2015,912333714,3/2/2015,8675,109.28,35.84,948004.00,310912.00,637092.00
Europe,Bulgaria,Cosmetics,Offline,L,10/30/2012,540041816,11/3/2012,9229,437.20,263.33,4034918.80,2430272.57,1604646.23
Middle East and North Africa,Pakistan,Household,Offline,M,7/6/2012,156722390,8/1/2012,6493,668.27,502.54,4339077.11,3262992.22,1076084.89
Europe,Poland,Cereal,Offline,C,1/4/2011,434299266,2/21/2011,7659,205.70,117.11,1575456.30,896945.49,678510.81
Europe,France,Baby Food,Offline,M,10/25/2013,765008771,12/10/2013,1950,255.28,159.42,497796.00,310869.00,186927.00
Central America and the Caribbean,Jamaica,Baby Food,Offline,C,2/16/2016,611399734,3/22/2016,5623,255.28,159.42,1435439.44,896418.66,539020.78
Australia and Oceania,Australia,Personal Care,Online,H,3/16/2014,856333482,4/27/2014,6962,81.73,56.67,569004.26,394536.54,174467.72
Middle East and North Africa,Somalia,Fruits,Offline,C,9/24/2016,652983844,10/29/2016,1285,9.33,6.92,11989.05,8892.20,3096.85
Europe,Slovenia,Cosmetics,Online,M,9/30/2010,574837148,11/11/2010,5941,437.20,263.33,2597405.20,1564443.53,1032961.67
Australia and Oceania,Samoa ,Clothes,Offline,C,11/5/2010,365692222,12/5/2010,5310,109.28,35.84,580276.80,190310.40,389966.40
Sub-Saharan Africa,South Africa,Cereal,Online,M,7/21/2017,289660394,8/22/2017,5802,205.70,117.11,1193471.40,679472.22,513999.18
Sub-Saharan Africa,Ghana,Vegetables,Online,L,7/10/2013,681165492,7/26/2013,861,154.06,90.93,132645.66,78290.73,54354.93
Asia,Sri Lanka,Office Supplies,Offline,M,10/6/2012,594943845,10/21/2012,5959,651.21,524.96,3880560.39,3128236.64,752323.75
Sub-Saharan Africa,Guinea,Meat,Online,C,6/4/2011,956044280,7/24/2011,3603,421.89,364.69,1520069.67,1313978.07,206091.60
Europe,Spain,Fruits,Offline,L,4/12/2014,509828126,4/15/2014,8327,9.33,6.92,77690.91,57622.84,20068.07
Europe,Moldova ,Personal Care,Online,M,10/26/2015,771969211,12/15/2015,1699,81.73,56.67,138859.27,96282.33,42576.94
Central America and the Caribbean,Dominican Republic,Cereal,Online,L,8/4/2011,178453862,8/27/2011,7318,205.70,117.11,1505312.60,857010.98,648301.62
Europe,Luxembourg,Personal Care,Online,L,2/24/2017,835580909,4/14/2017,5814,81.73,56.67,475178.22,329479.38,145698.84
Middle East and North Africa,Kuwait,Office Supplies,Offline,L,3/30/2011,869961678,4/12/2011,9848,651.21,524.96,6413116.08,5169806.08,1243310.00
Central America and the Caribbean,Saint Lucia,Fruits,Online,C,5/2/2015,278519999,6/14/2015,9112,9.33,6.92,85014.96,63055.04,21959.92
Europe,Georgia,Vegetables,Offline,H,2/1/2014,478492200,2/26/2014,5330,154.06,90.93,821139.80,484656.90,336482.90
Europe,Bosnia and Herzegovina,Cosmetics,Offline,H,3/3/2012,257427108,4/10/2012,7257,437.20,263.33,3172760.40,1910985.81,1261774.59
Europe,Iceland,Snacks,Online,H,4/22/2015,723186051,5/13/2015,5678,152.58,97.44,866349.24,553264.32,313084.92
Sub-Saharan Africa,Mauritius ,Personal Care,Online,M,5/12/2011,353942859,5/15/2011,8412,81.73,56.67,687512.76,476708.04,210804.72
Sub-Saharan Africa,Malawi,Office Supplies,Online,C,12/21/2011,848183858,1/18/2012,5307,651.21,524.96,3455971.47,2785962.72,670008.75
Sub-Saharan Africa,Seychelles ,Meat,Online,C,12/2/2010,374707877,12/25/2010,3243,421.89,364.69,1368189.27,1182689.67,185499.60
Europe,Montenegro,Personal Care,Online,L,8/14/2010,322626245,9/16/2010,1130,81.73,56.67,92354.90,64037.10,28317.80
Europe,Germany,Household,Online,L,10/5/2010,351362788,11/14/2010,4912,668.27,502.54,3282542.24,2468476.48,814065.76
Europe,Estonia,Meat,Offline,H,2/8/2012,640653836,3/18/2012,2562,421.89,364.69,1080882.18,934335.78,146546.40
Europe,Serbia,Clothes,Online,M,9/8/2012,540548217,9/20/2012,9084,109.28,35.84,992699.52,325570.56,667128.96
Sub-Saharan Africa,Madagascar,Baby Food,Offline,C,8/11/2011,821407258,8/19/2011,1516,255.28,159.42,387004.48,241680.72,145323.76
Sub-Saharan Africa,Benin,Beverages,Offline,H,10/28/2012,523904788,11/7/2012,3924,47.45,31.79,186193.80,124743.96,61449.84
Europe,Hungary,Clothes,Online,M,10/11/2013,109027135,10/27/2013,2407,109.28,35.84,263036.96,86266.88,176770.08
Central America and the Caribbean,Cuba,Cosmetics,Online,L,10/6/2016,108073127,10/20/2016,95,437.20,263.33,41534.00,25016.35,16517.65
Sub-Saharan Africa,Senegal,Fruits,Offline,H,7/28/2017,672654092,7/31/2017,2148,9.33,6.92,20040.84,14864.16,5176.68
Middle East and North Africa,Algeria,Vegetables,Online,M,11/4/2016,224693858,11/25/2016,761,154.06,90.93,117239.66,69197.73,48041.93
Europe,Bosnia and Herzegovina,Personal Care,Online,M,4/12/2016,406428754,5/1/2016,155,81.73,56.67,12668.15,8783.85,3884.30
Central America and the Caribbean,Antigua and Barbuda ,Baby Food,Online,H,11/13/2014,230407607,12/20/2014,1586,255.28,159.42,404874.08,252840.12,152033.96
Asia,Cambodia,Personal Care,Online,H,8/26/2012,129491746,9/22/2012,8340,81.73,56.67,681628.20,472627.80,209000.40
Middle East and North Africa,Oman,Vegetables,Online,C,7/15/2014,606854999,8/15/2014,735,154.06,90.93,113234.10,66833.55,46400.55
North America,United States of America,Baby Food,Offline,L,5/2/2011,885983693,5/4/2011,1118,255.28,159.42,285403.04,178231.56,107171.48
Sub-Saharan Africa,Mauritania,Office Supplies,Offline,L,11/11/2013,260676658,12/17/2013,8871,651.21,524.96,5776883.91,4656920.16,1119963.75
Sub-Saharan Africa,Central African Republic,Cosmetics,Offline,H,4/14/2011,345045220,5/20/2011,5403,437.20,263.33,2362191.60,1422771.99,939419.61
Europe,Albania,Baby Food,Online,H,10/4/2012,123513209,11/21/2012,9158,255.28,159.42,2337854.24,1459968.36,877885.88
Europe,Switzerland,Vegetables,Online,M,5/14/2013,900816953,6/10/2013,609,154.06,90.93,93822.54,55376.37,38446.17
Sub-Saharan Africa,Ghana,Household,Online,M,1/12/2013,452005279,2/2/2013,7261,668.27,502.54,4852308.47,3648942.94,1203365.53
Europe,Austria,Vegetables,Online,H,10/3/2012,672439515,11/12/2012,8650,154.06,90.93,1332619.00,786544.50,546074.50
Sub-Saharan Africa,Democratic Republic of the Congo,Household,Offline,L,10/23/2010,827793490,11/20/2010,1344,668.27,502.54,898154.88,675413.76,222741.12
Central America and the Caribbean,Dominican Republic,Clothes,Online,L,2/6/2014,704053533,3/28/2014,3941,109.28,35.84,430672.48,141245.44,289427.04
Sub-Saharan Africa,Mauritius ,Baby Food,Offline,H,9/4/2011,157518470,9/4/2011,2070,255.28,159.42,528429.60,329999.40,198430.20
Middle East and North Africa,Libya,Cosmetics,Offline,C,5/12/2016,464799630,6/26/2016,3394,437.20,263.33,1483856.80,893742.02,590114.78
Australia and Oceania,Samoa ,Office Supplies,Online,M,7/19/2015,272820842,8/20/2015,2605,651.21,524.96,1696402.05,1367520.80,328881.25
Middle East and North Africa,Kuwait,Personal Care,Online,H,10/28/2012,548818433,11/24/2012,6425,81.73,56.67,525115.25,364104.75,161010.50
Europe,Hungary,Meat,Online,C,8/25/2016,530341231,9/25/2016,8611,421.89,364.69,3632894.79,3140345.59,492549.20
Sub-Saharan Africa,Senegal,Beverages,Offline,C,10/25/2013,875250566,11/3/2013,4947,47.45,31.79,234735.15,157265.13,77470.02
Europe,Moldova ,Personal Care,Offline,H,2/11/2011,511720263,2/26/2011,8252,81.73,56.67,674435.96,467640.84,206795.12
Sub-Saharan Africa,Eritrea,Beverages,Offline,M,5/27/2016,688236653,6/13/2016,3375,47.45,31.79,160143.75,107291.25,52852.50
Sub-Saharan Africa,Niger,Personal Care,Online,C,2/6/2012,923598563,2/26/2012,2194,81.73,56.67,179315.62,124333.98,54981.64
Central America and the Caribbean,Saint Lucia,Snacks,Online,C,12/25/2011,356917321,2/4/2012,8622,152.58,97.44,1315544.76,840127.68,475417.08
Europe,Sweden,Vegetables,Offline,H,12/13/2011,897616755,1/20/2012,3600,154.06,90.93,554616.00,327348.00,227268.00
Central America and the Caribbean,Jamaica,Baby Food,Online,H,7/20/2016,475433194,8/19/2016,102,255.28,159.42,26038.56,16260.84,9777.72
Central America and the Caribbean,Haiti,Vegetables,Offline,H,6/18/2012,690415465,7/14/2012,8134,154.06,90.93,1253124.04,739624.62,513499.42
Australia and Oceania,Samoa ,Cosmetics,Online,H,2/23/2010,962924897,4/12/2010,9730,437.20,263.33,4253956.00,2562200.90,1691755.10
Central America and the Caribbean,Dominican Republic,Snacks,Online,M,5/5/2017,783635318,5/9/2017,3960,152.58,97.44,604216.80,385862.40,218354.40
Middle East and North Africa,Tunisia ,Cereal,Online,L,7/23/2012,163533055,8/13/2012,1920,205.70,117.11,394944.00,224851.20,170092.80
Asia,Taiwan,Beverages,Online,L,1/11/2017,983916938,1/17/2017,1742,47.45,31.79,82657.90,55378.18,27279.72
Middle East and North Africa,Tunisia ,Cereal,Online,H,3/7/2015,246398293,4/14/2015,3585,205.70,117.11,737434.50,419839.35,317595.15
Asia,Sri Lanka,Office Supplies,Offline,C,6/9/2011,422900950,7/5/2011,4644,651.21,524.96,3024219.24,2437914.24,586305.00
Asia,Indonesia,Office Supplies,Offline,L,4/17/2011,905661237,6/5/2011,4141,651.21,524.96,2696660.61,2173859.36,522801.25
Sub-Saharan Africa,Ethiopia,Clothes,Online,M,7/7/2017,257227981,7/27/2017,8330,109.28,35.84,910302.40,298547.20,611755.20
Sub-Saharan Africa,Swaziland,Snacks,Offline,L,3/22/2011,260462510,4/9/2011,5500,152.58,97.44,839190.00,535920.00,303270.00
Europe,Portugal,Fruits,Offline,L,3/29/2016,968538653,4/6/2016,965,9.33,6.92,9003.45,6677.80,2325.65
Europe,Hungary,Cereal,Online,M,1/14/2012,254942739,2/4/2012,2077,205.70,117.11,427238.90,243237.47,184001.43
Sub-Saharan Africa,Zimbabwe,Beverages,Online,M,3/17/2013,563473594,4/10/2013,3213,47.45,31.79,152456.85,102141.27,50315.58
Europe,Armenia,Personal Care,Online,H,9/15/2012,358242547,11/2/2012,785,81.73,56.67,64158.05,44485.95,19672.10
Asia,North Korea,Meat,Online,L,11/26/2015,873673427,12/6/2015,8237,421.89,364.69,3475107.93,3003951.53,471156.40
Sub-Saharan Africa,Burkina Faso,Meat,Offline,L,2/1/2014,264502561,3/20/2014,1040,421.89,364.69,438765.60,379277.60,59488.00
Asia,India,Personal Care,Offline,L,12/23/2010,355778777,1/18/2011,1701,81.73,56.67,139022.73,96395.67,42627.06
Sub-Saharan Africa,Sao Tome and Principe,Household,Online,C,5/10/2011,792863404,6/12/2011,4755,668.27,502.54,3177623.85,2389577.70,788046.15
Europe,Armenia,Meat,Offline,C,4/12/2017,391430270,5/22/2017,1770,421.89,364.69,746745.30,645501.30,101244.00
Europe,Georgia,Clothes,Online,C,9/23/2016,287465703,10/25/2016,6344,109.28,35.84,693272.32,227368.96,465903.36
Europe,Serbia,Cosmetics,Offline,M,2/8/2010,787268531,3/14/2010,9108,437.20,263.33,3982017.60,2398409.64,1583607.96
Australia and Oceania,Tuvalu,Cosmetics,Offline,C,1/10/2014,917450082,2/11/2014,2722,437.20,263.33,1190058.40,716784.26,473274.14
Central America and the Caribbean,Barbados,Vegetables,Online,L,2/3/2012,674934184,2/6/2012,6878,154.06,90.93,1059624.68,625416.54,434208.14
Sub-Saharan Africa,Mali,Cereal,Offline,L,9/6/2011,576957166,10/11/2011,3301,205.70,117.11,679015.70,386580.11,292435.59
Sub-Saharan Africa,Central African Republic,Household,Online,M,6/18/2017,311067855,6/23/2017,746,668.27,502.54,498529.42,374894.84,123634.58
Asia,Sri Lanka,Vegetables,Offline,H,6/10/2012,985127580,6/13/2012,9997,154.06,90.93,1540137.82,909027.21,631110.61
Europe,Bosnia and Herzegovina,Vegetables,Offline,C,10/10/2014,177310168,10/19/2014,8874,154.06,90.93,1367128.44,806912.82,560215.62
Europe,Netherlands,Household,Offline,M,5/19/2013,486101949,6/2/2013,7224,668.27,502.54,4827582.48,3630348.96,1197233.52
Asia,Laos,Office Supplies,Online,C,3/9/2017,980301749,4/27/2017,1927,651.21,524.96,1254881.67,1011597.92,243283.75
Central America and the Caribbean,Honduras,Office Supplies,Online,L,6/18/2013,349020898,6/23/2013,1895,651.21,524.96,1234042.95,994799.20,239243.75
Sub-Saharan Africa,Zambia,Household,Online,M,1/16/2017,951683223,2/1/2017,3069,668.27,502.54,2050920.63,1542295.26,508625.37
Sub-Saharan Africa,Botswana,Snacks,Offline,L,7/18/2013,268025052,8/15/2013,3424,152.58,97.44,522433.92,333634.56,188799.36
Asia,Bhutan,Household,Online,C,2/23/2016,348095214,3/15/2016,7964,668.27,502.54,5322102.28,4002228.56,1319873.72
Sub-Saharan Africa,Zimbabwe,Household,Offline,M,5/17/2016,162255036,7/1/2016,3726,668.27,502.54,2489974.02,1872464.04,617509.98
Sub-Saharan Africa,Lesotho,Personal Care,Offline,L,8/14/2010,551178348,9/15/2010,4776,81.73,56.67,390342.48,270655.92,119686.56
Sub-Saharan Africa,Togo,Household,Offline,H,6/18/2011,175851476,7/20/2011,7214,668.27,502.54,4820899.78,3625323.56,1195576.22
Australia and Oceania,Australia,Meat,Online,M,8/17/2013,467573249,9/17/2013,4170,421.89,364.69,1759281.30,1520757.30,238524.00
Europe,Luxembourg,Fruits,Offline,L,11/26/2012,677954995,12/25/2012,804,9.33,6.92,7501.32,5563.68,1937.64
Europe,Estonia,Fruits,Offline,H,7/4/2017,128920543,7/17/2017,9308,9.33,6.92,86843.64,64411.36,22432.28
Europe,United Kingdom,Meat,Online,H,12/29/2013,462706220,2/3/2014,3908,421.89,364.69,1648746.12,1425208.52,223537.60
Middle East and North Africa,Morocco,Vegetables,Online,H,6/29/2016,691860854,8/4/2016,5856,154.06,90.93,902175.36,532486.08,369689.28
Europe,United Kingdom,Office Supplies,Offline,M,6/24/2017,349245774,7/10/2017,8440,651.21,524.96,5496212.40,4430662.40,1065550.00
Australia and Oceania,Papua New Guinea,Beverages,Online,H,4/13/2014,838034808,5/2/2014,1978,47.45,31.79,93856.10,62880.62,30975.48
Australia and Oceania,New Zealand,Personal Care,Offline,M,11/10/2012,481714284,12/27/2012,8816,81.73,56.67,720531.68,499602.72,220928.96
Europe,Austria,Cosmetics,Offline,L,6/17/2016,374083030,7/31/2016,8336,437.20,263.33,3644499.20,2195118.88,1449380.32
Central America and the Caribbean,Saint Kitts and Nevis ,Vegetables,Online,M,3/31/2014,329252374,4/15/2014,1949,154.06,90.93,300262.94,177222.57,123040.37
Asia,Myanmar,Snacks,Online,C,5/17/2015,231646144,5/22/2015,8097,152.58,97.44,1235440.26,788971.68,446468.58
Central America and the Caribbean,Guatemala,Baby Food,Online,M,12/4/2014,486000669,12/27/2014,7253,255.28,159.42,1851545.84,1156273.26,695272.58
Central America and the Caribbean,Antigua and Barbuda ,Vegetables,Offline,C,10/28/2012,667364776,11/9/2012,6922,154.06,90.93,1066403.32,629417.46,436985.86
Middle East and North Africa,Iran,Vegetables,Online,C,1/26/2010,871099793,2/28/2010,6641,154.06,90.93,1023112.46,603866.13,419246.33
Asia,Singapore,Cosmetics,Online,H,7/4/2012,362879550,8/6/2012,2978,437.20,263.33,1301981.60,784196.74,517784.86
Sub-Saharan Africa,Sudan,Baby Food,Offline,M,11/26/2011,728690373,12/17/2011,4529,255.28,159.42,1156163.12,722013.18,434149.94
Europe,Macedonia,Cereal,Online,M,6/10/2012,924831092,7/29/2012,6927,205.70,117.11,1424883.90,811220.97,613662.93
North America,Canada,Office Supplies,Offline,C,10/24/2011,427913033,11/20/2011,7831,651.21,524.96,5099625.51,4110961.76,988663.75
Europe,Malta,Cereal,Online,C,7/16/2012,584860026,7/22/2012,1934,205.70,117.11,397823.80,226490.74,171333.06
Middle East and North Africa,Iraq,Snacks,Online,M,8/28/2010,562908399,8/28/2010,5959,152.58,97.44,909224.22,580644.96,328579.26
Europe,Austria,Personal Care,Offline,C,8/10/2014,499606978,8/22/2014,3662,81.73,56.67,299295.26,207525.54,91769.72
Asia,Thailand,Cereal,Online,M,3/10/2011,152817094,3/16/2011,829,205.70,117.11,170525.30,97084.19,73441.11
Europe,Netherlands,Beverages,Online,M,10/6/2014,250712573,11/11/2014,277,47.45,31.79,13143.65,8805.83,4337.82
Sub-Saharan Africa,Zimbabwe,Clothes,Online,M,6/23/2010,241779744,7/11/2010,6854,109.28,35.84,749005.12,245647.36,503357.76
Central America and the Caribbean,Belize,Cereal,Offline,L,1/13/2011,544817435,1/22/2011,2441,205.70,117.11,502113.70,285865.51,216248.19
Europe,Georgia,Vegetables,Offline,L,1/23/2015,298936975,2/19/2015,949,154.06,90.93,146202.94,86292.57,59910.37
Central America and the Caribbean,Dominica,Beverages,Online,L,11/24/2010,513562190,12/22/2010,3319,47.45,31.79,157486.55,105511.01,51975.54
Europe,Slovakia,Beverages,Online,L,8/27/2010,918429410,9/28/2010,2527,47.45,31.79,119906.15,80333.33,39572.82
Sub-Saharan Africa,Benin,Snacks,Online,M,2/28/2016,413587462,4/17/2016,8576,152.58,97.44,1308526.08,835645.44,472880.64
Central America and the Caribbean,Jamaica,Meat,Online,H,2/25/2015,219397675,4/15/2015,3503,421.89,364.69,1477880.67,1277509.07,200371.60
Middle East and North Africa,Syria,Cosmetics,Offline,L,5/17/2015,726533877,6/27/2015,6374,437.20,263.33,2786712.80,1678465.42,1108247.38
Europe,Bulgaria,Personal Care,Offline,C,6/24/2010,145982396,6/24/2010,8290,81.73,56.67,677541.70,469794.30,207747.40
Australia and Oceania,Tonga,Beverages,Offline,C,2/16/2014,359042060,3/26/2014,7379,47.45,31.79,350133.55,234578.41,115555.14
Europe,Finland,Clothes,Online,L,9/30/2010,167324197,10/27/2010,3803,109.28,35.84,415591.84,136299.52,279292.32
Sub-Saharan Africa,Namibia,Beverages,Online,H,5/3/2012,242752635,6/5/2012,4754,47.45,31.79,225577.30,151129.66,74447.64
Sub-Saharan Africa,Kenya,Baby Food,Offline,H,10/24/2016,877563703,11/23/2016,9456,255.28,159.42,2413927.68,1507475.52,906452.16
Australia and Oceania,Kiribati,Household,Offline,C,10/21/2011,634306228,11/24/2011,4163,668.27,502.54,2782008.01,2092074.02,689933.99
Australia and Oceania,Australia,Fruits,Online,M,4/13/2016,395841538,5/5/2016,7163,9.33,6.92,66830.79,49567.96,17262.83
Sub-Saharan Africa,Eritrea,Office Supplies,Online,L,3/23/2016,215343463,4/2/2016,3771,651.21,524.96,2455712.91,1979624.16,476088.75
Europe,Bulgaria,Fruits,Offline,L,10/20/2013,666298329,11/18/2013,1337,9.33,6.92,12474.21,9252.04,3222.17
Australia and Oceania,Australia,Fruits,Offline,C,1/18/2016,592504966,3/4/2016,4241,9.33,6.92,39568.53,29347.72,10220.81
Sub-Saharan Africa,The Gambia,Office Supplies,Online,H,11/27/2015,258074700,1/7/2016,8894,651.21,524.96,5791861.74,4668994.24,1122867.50
Europe,Latvia,Beverages,Online,C,3/7/2011,897431361,4/9/2011,8738,47.45,31.79,414618.10,277781.02,136837.08
Europe,Bulgaria,Clothes,Online,M,11/18/2015,665311276,11/24/2015,9246,109.28,35.84,1010402.88,331376.64,679026.24
Europe,France,Beverages,Offline,L,1/2/2011,486763274,2/2/2011,2925,47.45,31.79,138791.25,92985.75,45805.50
Middle East and North Africa,United Arab Emirates,Fruits,Offline,M,6/23/2016,907148683,8/2/2016,4309,9.33,6.92,40202.97,29818.28,10384.69
Middle East and North Africa,Kuwait,Personal Care,Online,C,8/23/2011,742141330,8/30/2011,4966,81.73,56.67,405871.18,281423.22,124447.96
Middle East and North Africa,Iran,Personal Care,Offline,M,10/7/2014,227727544,10/25/2014,8496,81.73,56.67,694378.08,481468.32,212909.76
Central America and the Caribbean,Jamaica,Beverages,Online,M,2/10/2011,570206153,3/29/2011,5527,47.45,31.79,262256.15,175703.33,86552.82
Sub-Saharan Africa,Rwanda,Cereal,Offline,M,4/14/2017,796188485,5/13/2017,8721,205.70,117.11,1793909.70,1021316.31,772593.39
North America,United States of America,Household,Online,C,11/23/2016,902598369,1/4/2017,7770,668.27,502.54,5192457.90,3904735.80,1287722.10
Europe,Cyprus,Beverages,Offline,M,4/27/2017,506672132,5/20/2017,4398,47.45,31.79,208685.10,139812.42,68872.68
Middle East and North Africa,Afghanistan,Vegetables,Online,C,8/28/2015,195958602,8/29/2015,7360,154.06,90.93,1133881.60,669244.80,464636.80
Sub-Saharan Africa,Uganda,Cereal,Online,M,1/19/2010,178319108,2/3/2010,7442,205.70,117.11,1530819.40,871532.62,659286.78
Sub-Saharan Africa,Senegal,Vegetables,Offline,C,2/2/2011,731927478,3/18/2011,2461,154.06,90.93,379141.66,223778.73,155362.93
Middle East and North Africa,Afghanistan,Cosmetics,Online,C,4/7/2015,855270040,5/7/2015,2266,437.20,263.33,990695.20,596705.78,393989.42
Europe,Estonia,Personal Care,Offline,M,5/10/2016,517145621,5/12/2016,3736,81.73,56.67,305343.28,211719.12,93624.16
Sub-Saharan Africa,Senegal,Meat,Online,C,10/12/2016,206665551,10/17/2016,5784,421.89,364.69,2440211.76,2109366.96,330844.80
Europe,Vatican City,Beverages,Offline,L,3/24/2016,483253657,4/14/2016,4351,47.45,31.79,206454.95,138318.29,68136.66
Asia,Laos,Vegetables,Online,L,6/16/2015,626646268,7/31/2015,7411,154.06,90.93,1141738.66,673882.23,467856.43
Central America and the Caribbean,Dominican Republic,Clothes,Offline,C,7/3/2012,886892211,7/11/2012,9969,109.28,35.84,1089412.32,357288.96,732123.36
Asia,Nepal,Personal Care,Online,M,1/17/2014,234352815,1/26/2014,9061,81.73,56.67,740555.53,513486.87,227068.66
Australia and Oceania,Palau,Meat,Offline,M,6/16/2016,409701907,7/18/2016,8754,421.89,364.69,3693225.06,3192496.26,500728.80
Europe,Serbia,Snacks,Online,C,3/10/2017,973925817,4/5/2017,5147,152.58,97.44,785329.26,501523.68,283805.58
Europe,Cyprus,Cereal,Offline,H,12/17/2010,658323371,1/12/2011,1370,205.70,117.11,281809.00,160440.70,121368.30
Asia,Indonesia,Meat,Online,L,4/13/2016,514505898,5/16/2016,2584,421.89,364.69,1090163.76,942358.96,147804.80
Central America and the Caribbean,Dominica,Vegetables,Online,H,1/26/2011,764397227,3/1/2011,981,154.06,90.93,151132.86,89202.33,61930.53
Sub-Saharan Africa,Malawi,Clothes,Offline,M,3/6/2012,350233685,4/6/2012,785,109.28,35.84,85784.80,28134.40,57650.40
Australia and Oceania,East Timor,Snacks,Offline,L,1/7/2011,984564101,1/20/2011,3252,152.58,97.44,496190.16,316874.88,179315.28
Asia,Mongolia,Office Supplies,Offline,C,3/17/2015,400249803,4/21/2015,1666,651.21,524.96,1084915.86,874583.36,210332.50
Sub-Saharan Africa,Kenya,Clothes,Offline,C,7/2/2014,900464618,8/6/2014,6346,109.28,35.84,693490.88,227440.64,466050.24
Europe,Moldova ,Vegetables,Offline,M,11/11/2014,808694875,11/30/2014,9639,154.06,90.93,1484984.34,876474.27,608510.07
Sub-Saharan Africa,Mozambique,Cereal,Offline,H,12/18/2011,318739402,1/17/2012,927,205.70,117.11,190683.90,108560.97,82122.93
Central America and the Caribbean,Saint Kitts and Nevis ,Household,Online,H,2/10/2010,144709527,3/5/2010,1620,668.27,502.54,1082597.40,814114.80,268482.60
Australia and Oceania,Papua New Guinea,Snacks,Online,C,11/22/2010,171029078,1/4/2011,160,152.58,97.44,24412.80,15590.40,8822.40
Sub-Saharan Africa,Guinea,Snacks,Offline,L,12/15/2016,802434384,1/31/2017,7021,152.58,97.44,1071264.18,684126.24,387137.94
Europe,Lithuania,Fruits,Online,L,2/1/2013,713974273,3/4/2013,9708,9.33,6.92,90575.64,67179.36,23396.28
Asia,Tajikistan,Meat,Offline,H,6/6/2015,901010072,6/10/2015,7758,421.89,364.69,3273022.62,2829265.02,443757.60
Central America and the Caribbean,Antigua and Barbuda ,Snacks,Online,L,9/5/2014,629215610,9/19/2014,7736,152.58,97.44,1180358.88,753795.84,426563.04
Middle East and North Africa,Saudi Arabia,Office Supplies,Online,L,3/5/2010,584577214,3/27/2010,8243,651.21,524.96,5367924.03,4327245.28,1040678.75
Asia,Myanmar,Meat,Online,H,9/6/2013,623393714,10/2/2013,4908,421.89,364.69,2070636.12,1789898.52,280737.60
Australia and Oceania,Australia,Baby Food,Online,H,4/22/2015,222276437,5/30/2015,5392,255.28,159.42,1376469.76,859592.64,516877.12
Australia and Oceania,Kiribati,Baby Food,Offline,C,1/3/2010,728149211,1/12/2010,4387,255.28,159.42,1119913.36,699375.54,420537.82
Middle East and North Africa,Pakistan,Vegetables,Offline,C,7/13/2016,408248364,7/16/2016,8618,154.06,90.93,1327689.08,783634.74,544054.34
Europe,Albania,Beverages,Online,C,1/13/2013,300122725,2/4/2013,1839,47.45,31.79,87260.55,58461.81,28798.74
Europe,Norway,Office Supplies,Online,M,8/9/2016,161633622,9/9/2016,9836,651.21,524.96,6405301.56,5163506.56,1241795.00
Europe,Vatican City,Meat,Offline,H,4/26/2011,720954883,5/30/2011,5426,421.89,364.69,2289175.14,1978807.94,310367.20
Middle East and North Africa,Algeria,Snacks,Online,C,8/6/2012,526572835,9/23/2012,3458,152.58,97.44,527621.64,336947.52,190674.12
Europe,Hungary,Snacks,Online,C,6/10/2010,897286307,7/7/2010,5813,152.58,97.44,886947.54,566418.72,320528.82
Asia,Tajikistan,Baby Food,Offline,L,1/16/2011,972206628,2/27/2011,6401,255.28,159.42,1634047.28,1020447.42,613599.86
Sub-Saharan Africa,Djibouti,Household,Offline,M,4/26/2010,860757625,6/12/2010,6164,668.27,502.54,4119216.28,3097656.56,1021559.72
Europe,Macedonia,Cereal,Offline,H,10/20/2012,292675626,11/2/2012,8076,205.70,117.11,1661233.20,945780.36,715452.84
Sub-Saharan Africa,Lesotho,Meat,Online,C,10/2/2012,868009459,11/21/2012,2143,421.89,364.69,904110.27,781530.67,122579.60
Europe,Denmark,Beverages,Offline,C,1/21/2013,207120454,2/17/2013,400,47.45,31.79,18980.00,12716.00,6264.00
Australia and Oceania,Nauru,Personal Care,Online,H,11/16/2013,500682437,11/21/2013,1914,81.73,56.67,156431.22,108466.38,47964.84
Europe,Moldova ,Vegetables,Offline,M,6/11/2016,859681737,6/19/2016,7785,154.06,90.93,1199357.10,707890.05,491467.05
Australia and Oceania,Australia,Cereal,Online,M,9/13/2011,465417182,10/30/2011,6142,205.70,117.11,1263409.40,719289.62,544119.78
Europe,Slovenia,Meat,Offline,H,5/12/2014,819500100,6/26/2014,7146,421.89,364.69,3014825.94,2606074.74,408751.20
Central America and the Caribbean,Guatemala,Personal Care,Online,C,9/16/2013,793854320,10/3/2013,7989,81.73,56.67,652940.97,452736.63,200204.34
Central America and the Caribbean,Dominican Republic,Clothes,Online,C,3/28/2015,680716168,5/7/2015,7896,109.28,35.84,862874.88,282992.64,579882.24
Middle East and North Africa,Israel,Clothes,Online,C,2/19/2014,842634475,3/17/2014,3121,109.28,35.84,341062.88,111856.64,229206.24
Asia,Brunei,Beverages,Online,L,4/1/2014,362470567,4/5/2014,1950,47.45,31.79,92527.50,61990.50,30537.00
Asia,Myanmar,Snacks,Online,H,9/5/2016,193398272,10/16/2016,9701,152.58,97.44,1480178.58,945265.44,534913.14
Europe,Croatia,Household,Offline,M,1/16/2016,908903920,1/31/2016,3723,668.27,502.54,2487969.21,1870956.42,617012.79
Australia and Oceania,Tonga,Clothes,Online,C,10/14/2011,452786338,11/29/2011,8394,109.28,35.84,917296.32,300840.96,616455.36
Europe,Belarus,Vegetables,Online,M,1/3/2012,889156854,1/15/2012,127,154.06,90.93,19565.62,11548.11,8017.51
Sub-Saharan Africa,Mali,Meat,Online,L,7/4/2014,752439296,8/7/2014,2363,421.89,364.69,996926.07,861762.47,135163.60
Asia,Bangladesh,Cosmetics,Offline,M,7/29/2010,897369992,9/11/2010,577,437.20,263.33,252264.40,151941.41,100322.99
Sub-Saharan Africa,Djibouti,Office Supplies,Online,H,7/4/2011,448997771,7/17/2011,7273,651.21,524.96,4736250.33,3818034.08,918216.25
Sub-Saharan Africa,Eritrea,Baby Food,Online,H,7/2/2014,852683961,7/28/2014,6987,255.28,159.42,1783641.36,1113867.54,669773.82
Middle East and North Africa,Iran,Snacks,Offline,M,1/18/2014,924102389,1/21/2014,1287,152.58,97.44,196370.46,125405.28,70965.18
Asia,Kyrgyzstan,Meat,Offline,H,4/11/2013,899239385,5/14/2013,3772,421.89,364.69,1591369.08,1375610.68,215758.40
Sub-Saharan Africa,Mauritius ,Snacks,Offline,C,8/2/2012,184393775,9/8/2012,5071,152.58,97.44,773733.18,494118.24,279614.94
Sub-Saharan Africa,Ghana,Cosmetics,Offline,M,6/12/2013,506176888,6/16/2013,7845,437.20,263.33,3429834.00,2065823.85,1364010.15
Central America and the Caribbean,Dominican Republic,Cosmetics,Offline,M,8/7/2014,961512553,8/15/2014,1786,437.20,263.33,780839.20,470307.38,310531.82
Sub-Saharan Africa,Togo,Baby Food,Offline,L,11/11/2015,267637097,12/21/2015,8619,255.28,159.42,2200258.32,1374040.98,826217.34
Sub-Saharan Africa,Angola,Fruits,Offline,L,4/28/2014,812099349,5/23/2014,7099,9.33,6.92,66233.67,49125.08,17108.59
Sub-Saharan Africa,Ghana,Baby Food,Offline,C,9/15/2015,102760636,9/19/2015,8011,255.28,159.42,2045048.08,1277113.62,767934.46
Europe,Romania,Meat,Online,H,6/13/2015,217794787,6/19/2015,9172,421.89,364.69,3869575.08,3344936.68,524638.40
Sub-Saharan Africa,Zimbabwe,Clothes,Online,C,1/18/2010,155688130,2/10/2010,432,109.28,35.84,47208.96,15482.88,31726.08
Sub-Saharan Africa,Benin,Beverages,Offline,H,12/31/2015,785239493,2/3/2016,8671,47.45,31.79,411438.95,275651.09,135787.86
Middle East and North Africa,Algeria,Clothes,Offline,M,12/30/2012,795560204,2/2/2013,2798,109.28,35.84,305765.44,100280.32,205485.12
Middle East and North Africa,Lebanon,Fruits,Online,H,11/20/2015,746074092,11/24/2015,8758,9.33,6.92,81712.14,60605.36,21106.78
Europe,Vatican City,Cereal,Offline,H,4/9/2010,816517484,5/18/2010,4523,205.70,117.11,930381.10,529688.53,400692.57
Middle East and North Africa,Somalia,Baby Food,Online,H,11/28/2016,356939208,12/21/2016,5098,255.28,159.42,1301417.44,812723.16,488694.28
Europe,Estonia,Household,Offline,L,3/9/2012,137700593,3/10/2012,7520,668.27,502.54,5025390.40,3779100.80,1246289.60
Middle East and North Africa,Libya,Personal Care,Offline,L,3/14/2015,999475467,3/24/2015,5856,81.73,56.67,478610.88,331859.52,146751.36
Asia,Uzbekistan,Cereal,Online,H,10/26/2015,703250157,12/13/2015,6204,205.70,117.11,1276162.80,726550.44,549612.36
Sub-Saharan Africa,Lesotho,Snacks,Online,M,5/5/2016,680323493,6/23/2016,1695,152.58,97.44,258623.10,165160.80,93462.30
Sub-Saharan Africa,Democratic Republic of the Congo,Snacks,Offline,C,7/23/2012,182306802,8/6/2012,7489,152.58,97.44,1142671.62,729728.16,412943.46
Sub-Saharan Africa,Tanzania,Personal Care,Online,L,9/5/2012,331123912,10/8/2012,5779,81.73,56.67,472317.67,327495.93,144821.74
Asia,Vietnam,Cereal,Online,C,11/2/2010,969011151,11/6/2010,788,205.70,117.11,162091.60,92282.68,69808.92
Sub-Saharan Africa,Comoros,Meat,Offline,H,8/3/2013,208517348,8/23/2013,3772,421.89,364.69,1591369.08,1375610.68,215758.40
Sub-Saharan Africa,Comoros,Household,Online,L,5/29/2013,282503831,6/29/2013,8016,668.27,502.54,5356852.32,4028360.64,1328491.68
Central America and the Caribbean,Trinidad and Tobago,Household,Offline,H,3/12/2015,794144427,4/10/2015,3839,668.27,502.54,2565488.53,1929251.06,636237.47
Australia and Oceania,Palau,Fruits,Offline,L,5/3/2017,966925466,5/22/2017,3587,9.33,6.92,33466.71,24822.04,8644.67
Europe,Macedonia,Fruits,Online,L,7/6/2015,994645774,8/19/2015,6643,9.33,6.92,61979.19,45969.56,16009.63
Sub-Saharan Africa,Comoros,Fruits,Offline,C,1/8/2014,691416680,1/16/2014,4415,9.33,6.92,41191.95,30551.80,10640.15
Sub-Saharan Africa,Zambia,Baby Food,Offline,H,6/15/2014,841662013,6/22/2014,5348,255.28,159.42,1365237.44,852578.16,512659.28
Australia and Oceania,Vanuatu,Snacks,Offline,M,11/20/2011,950118100,1/8/2012,9914,152.58,97.44,1512678.12,966020.16,546657.96
Europe,Cyprus,Vegetables,Offline,L,10/28/2013,591833770,11/25/2013,5619,154.06,90.93,865663.14,510935.67,354727.47
Asia,Thailand,Snacks,Offline,L,9/8/2013,762170350,9/12/2013,1999,152.58,97.44,305007.42,194782.56,110224.86
Asia,Kyrgyzstan,Household,Offline,L,4/28/2017,726801669,5/23/2017,5620,668.27,502.54,3755677.40,2824274.80,931402.60
Central America and the Caribbean,Saint Vincent and the Grenadines,Baby Food,Offline,H,6/30/2016,271714055,6/30/2016,5082,255.28,159.42,1297332.96,810172.44,487160.52
Sub-Saharan Africa,Mauritius ,Baby Food,Offline,H,5/25/2015,153206336,6/25/2015,6014,255.28,159.42,1535253.92,958751.88,576502.04
Europe,Hungary,Household,Online,C,9/14/2011,747889840,10/11/2011,6078,668.27,502.54,4061745.06,3054438.12,1007306.94
Europe,Switzerland,Cereal,Online,C,7/11/2015,702688395,8/20/2015,9966,205.70,117.11,2050006.20,1167118.26,882887.94
Europe,Denmark,Baby Food,Offline,L,4/24/2015,984838330,5/28/2015,4402,255.28,159.42,1123742.56,701766.84,421975.72
Europe,Cyprus,Office Supplies,Offline,M,12/9/2011,831888473,12/19/2011,3140,651.21,524.96,2044799.40,1648374.40,396425.00
Sub-Saharan Africa,Rwanda,Beverages,Offline,L,12/4/2014,901700150,1/7/2015,1967,47.45,31.79,93334.15,62530.93,30803.22
Sub-Saharan Africa,Benin,Vegetables,Online,C,11/30/2015,122447192,12/10/2015,3700,154.06,90.93,570022.00,336441.00,233581.00
Europe,Norway,Cereal,Online,M,3/11/2015,642615926,3/15/2015,3188,205.70,117.11,655771.60,373346.68,282424.92
Middle East and North Africa,Saudi Arabia,Clothes,Offline,M,4/26/2010,181005179,5/19/2010,2310,109.28,35.84,252436.80,82790.40,169646.40
Australia and Oceania,Nauru,Snacks,Online,C,1/27/2015,576726281,3/2/2015,4978,152.58,97.44,759543.24,485056.32,274486.92
Australia and Oceania,Kiribati,Household,Offline,L,3/18/2010,139203059,5/1/2010,2133,668.27,502.54,1425419.91,1071917.82,353502.09
Europe,Lithuania,Office Supplies,Online,H,6/5/2015,398171842,6/27/2015,6751,651.21,524.96,4396318.71,3544004.96,852313.75
Australia and Oceania,Palau,Vegetables,Offline,C,5/25/2017,253681457,6/22/2017,8835,154.06,90.93,1361120.10,803366.55,557753.55
Asia,Sri Lanka,Personal Care,Offline,L,6/8/2011,926093232,7/12/2011,422,81.73,56.67,34490.06,23914.74,10575.32
Sub-Saharan Africa,Djibouti,Fruits,Online,C,11/7/2012,106080996,12/25/2012,579,9.33,6.92,5402.07,4006.68,1395.39
Central America and the Caribbean,Guatemala,Cosmetics,Offline,H,4/24/2015,504631078,6/7/2015,405,437.20,263.33,177066.00,106648.65,70417.35
Sub-Saharan Africa,Zimbabwe,Office Supplies,Online,H,4/26/2017,403042304,5/29/2017,8029,651.21,524.96,5228565.09,4214903.84,1013661.25
Sub-Saharan Africa,Comoros,Meat,Offline,H,11/16/2010,402926003,12/27/2010,3613,421.89,364.69,1524288.57,1317624.97,206663.60
Europe,Netherlands,Office Supplies,Online,C,7/22/2015,276206004,8/21/2015,4349,651.21,524.96,2832112.29,2283051.04,549061.25
Europe,Portugal,Clothes,Online,H,2/17/2014,315118634,3/16/2014,9461,109.28,35.84,1033898.08,339082.24,694815.84
Europe,Spain,Baby Food,Online,M,12/11/2016,882212722,1/26/2017,5204,255.28,159.42,1328477.12,829621.68,498855.44
Middle East and North Africa,Egypt,Clothes,Offline,H,9/7/2012,160349595,9/21/2012,9863,109.28,35.84,1077828.64,353489.92,724338.72
Europe,Slovenia,Vegetables,Online,C,1/14/2010,902703082,3/5/2010,8757,154.06,90.93,1349103.42,796274.01,552829.41
Europe,Ireland,Cosmetics,Online,M,3/7/2011,982759511,4/6/2011,9233,437.20,263.33,4036667.60,2431325.89,1605341.71
Asia,Taiwan,Meat,Online,H,7/27/2015,144317710,8/19/2015,5672,421.89,364.69,2392960.08,2068521.68,324438.40
Sub-Saharan Africa,Swaziland,Meat,Offline,C,2/25/2016,451489007,3/7/2016,4485,421.89,364.69,1892176.65,1635634.65,256542.00
Europe,Armenia,Fruits,Online,M,9/25/2010,438697230,10/7/2010,9114,9.33,6.92,85033.62,63068.88,21964.74
Sub-Saharan Africa,The Gambia,Clothes,Offline,L,4/26/2013,960678708,5/6/2013,5033,109.28,35.84,550006.24,180382.72,369623.52
Middle East and North Africa,Iran,Cereal,Online,C,6/23/2012,242482268,7/17/2012,4747,205.70,117.11,976457.90,555921.17,420536.73
Europe,Andorra,Baby Food,Online,M,12/29/2012,629469239,2/7/2013,2791,255.28,159.42,712486.48,444941.22,267545.26
Middle East and North Africa,Morocco,Vegetables,Online,C,12/6/2016,937313449,1/3/2017,734,154.06,90.93,113080.04,66742.62,46337.42
Asia,Bhutan,Clothes,Online,H,4/5/2012,502001225,5/1/2012,2173,109.28,35.84,237465.44,77880.32,159585.12
Asia,Mongolia,Beverages,Online,M,7/15/2014,529831397,7/21/2014,7739,47.45,31.79,367215.55,246022.81,121192.74
Sub-Saharan Africa,Eritrea,Office Supplies,Offline,L,1/29/2010,947415292,2/5/2010,93,651.21,524.96,60562.53,48821.28,11741.25
Sub-Saharan Africa,Central African Republic,Clothes,Offline,M,10/11/2012,851676738,10/14/2012,8928,109.28,35.84,975651.84,319979.52,655672.32
North America,Greenland,Fruits,Offline,H,11/16/2014,759852063,12/21/2014,5966,9.33,6.92,55662.78,41284.72,14378.06
Middle East and North Africa,Somalia,Vegetables,Online,C,6/17/2013,359490096,7/14/2013,9963,154.06,90.93,1534899.78,905935.59,628964.19
Sub-Saharan Africa,Cameroon,Cereal,Online,L,4/6/2014,758452165,4/27/2014,1705,205.70,117.11,350718.50,199672.55,151045.95
Asia,Uzbekistan,Beverages,Online,L,9/16/2012,434912097,11/2/2012,9009,47.45,31.79,427477.05,286396.11,141080.94
Sub-Saharan Africa,Ethiopia,Personal Care,Offline,H,11/16/2012,187356221,12/30/2012,1724,81.73,56.67,140902.52,97699.08,43203.44
Asia,Kyrgyzstan,Office Supplies,Online,H,2/12/2016,884583365,3/28/2016,6730,651.21,524.96,4382643.30,3532980.80,849662.50
Europe,United Kingdom,Cosmetics,Online,M,4/6/2017,315704858,5/17/2017,2938,437.20,263.33,1284493.60,773663.54,510830.06
Australia and Oceania,Marshall Islands,Snacks,Offline,C,1/6/2016,840144526,1/21/2016,6290,152.58,97.44,959728.20,612897.60,346830.60
Asia,North Korea,Baby Food,Online,L,2/16/2013,837638700,2/28/2013,4760,255.28,159.42,1215132.80,758839.20,456293.60
Australia and Oceania,Nauru,Meat,Offline,L,3/20/2014,558236205,4/5/2014,3353,421.89,364.69,1414597.17,1222805.57,191791.60
Central America and the Caribbean,Saint Lucia,Beverages,Online,H,10/20/2010,772298371,11/11/2010,9105,47.45,31.79,432032.25,289447.95,142584.30
Europe,Ukraine,Snacks,Offline,C,5/31/2014,520499026,6/17/2014,6083,152.58,97.44,928144.14,592727.52,335416.62
Sub-Saharan Africa,Sao Tome and Principe,Personal Care,Offline,M,12/3/2014,263824498,1/19/2015,387,81.73,56.67,31629.51,21931.29,9698.22
Europe,Bulgaria,Clothes,Offline,C,8/16/2014,533573615,10/5/2014,5145,109.28,35.84,562245.60,184396.80,377848.80
Europe,Romania,Office Supplies,Online,M,11/18/2016,581357705,12/13/2016,5519,651.21,524.96,3594027.99,2897254.24,696773.75
Middle East and North Africa,Yemen,Cereal,Online,H,10/6/2014,629100596,10/15/2014,3701,205.70,117.11,761295.70,433424.11,327871.59
North America,United States of America,Household,Offline,L,7/17/2017,519038617,7/23/2017,3916,668.27,502.54,2616945.32,1967946.64,648998.68
Central America and the Caribbean,Antigua and Barbuda ,Vegetables,Offline,H,8/19/2016,163720595,8/22/2016,7417,154.06,90.93,1142663.02,674427.81,468235.21
Europe,Latvia,Cereal,Offline,C,1/30/2012,896007859,2/4/2012,7492,205.70,117.11,1541104.40,877388.12,663716.28
Central America and the Caribbean,El Salvador,Snacks,Online,M,5/11/2016,519074237,5/12/2016,4457,152.58,97.44,680049.06,434290.08,245758.98
Central America and the Caribbean,The Bahamas,Office Supplies,Online,M,9/17/2012,956406056,11/4/2012,660,651.21,524.96,429798.60,346473.60,83325.00
Asia,Maldives,Personal Care,Online,L,12/16/2011,601802146,1/21/2012,5483,81.73,56.67,448125.59,310721.61,137403.98
Sub-Saharan Africa,Nigeria,Baby Food,Online,H,10/30/2010,169373834,11/21/2010,336,255.28,159.42,85774.08,53565.12,32208.96
Sub-Saharan Africa,Zimbabwe,Vegetables,Online,L,12/1/2010,443544948,12/1/2010,3661,154.06,90.93,564013.66,332894.73,231118.93
Europe,Armenia,Baby Food,Online,M,11/12/2014,929051816,12/11/2014,5933,255.28,159.42,1514576.24,945838.86,568737.38
Europe,Belarus,Personal Care,Online,C,1/13/2015,300943267,1/15/2015,4655,81.73,56.67,380453.15,263798.85,116654.30
Middle East and North Africa,Kuwait,Office Supplies,Online,M,6/3/2012,454580628,7/5/2012,9365,651.21,524.96,6098581.65,4916250.40,1182331.25
Central America and the Caribbean,Panama,Clothes,Online,H,11/13/2012,655637729,11/26/2012,6628,109.28,35.84,724307.84,237547.52,486760.32
Asia,Turkmenistan,Clothes,Online,C,9/20/2015,690100896,9/27/2015,5046,109.28,35.84,551426.88,180848.64,370578.24
Central America and the Caribbean,Guatemala,Clothes,Online,L,1/4/2010,414268958,1/18/2010,246,109.28,35.84,26882.88,8816.64,18066.24
Sub-Saharan Africa,Sudan,Meat,Online,L,2/22/2016,204753243,4/6/2016,9890,421.89,364.69,4172492.10,3606784.10,565708.00
Middle East and North Africa,Afghanistan,Vegetables,Offline,M,12/9/2013,508477580,1/27/2014,8670,154.06,90.93,1335700.20,788363.10,547337.10
Europe,Sweden,Snacks,Online,C,7/24/2014,492678296,9/5/2014,3311,152.58,97.44,505192.38,322623.84,182568.54
Europe,Moldova ,Cereal,Offline,H,4/26/2011,294904220,5/22/2011,7567,205.70,117.11,1556531.90,886171.37,670360.53
Europe,Belgium,Personal Care,Offline,C,9/19/2013,573016679,10/4/2013,7224,81.73,56.67,590417.52,409384.08,181033.44
Sub-Saharan Africa,South Africa,Fruits,Online,H,5/30/2013,255189502,6/13/2013,5099,9.33,6.92,47573.67,35285.08,12288.59
Sub-Saharan Africa,Mauritania,Meat,Online,M,9/7/2010,589909017,10/17/2010,6042,421.89,364.69,2549059.38,2203456.98,345602.40
Middle East and North Africa,Azerbaijan,Beverages,Online,H,9/2/2010,195974051,10/20/2010,1932,47.45,31.79,91673.40,61418.28,30255.12
Sub-Saharan Africa,Sao Tome and Principe,Snacks,Online,M,1/1/2012,912495934,1/5/2012,6680,152.58,97.44,1019234.40,650899.20,368335.20
Middle East and North Africa,Libya,Clothes,Online,C,7/30/2010,148898494,8/17/2010,1228,109.28,35.84,134195.84,44011.52,90184.32
Europe,Portugal,Beverages,Online,M,12/13/2010,334918057,12/22/2010,8551,47.45,31.79,405744.95,271836.29,133908.66
Middle East and North Africa,Lebanon,Office Supplies,Online,H,12/9/2014,370603454,1/14/2015,8652,651.21,524.96,5634268.92,4541953.92,1092315.00
Australia and Oceania,Marshall Islands,Meat,Online,L,4/14/2010,576316010,5/2/2010,3569,421.89,364.69,1505725.41,1301578.61,204146.80
Central America and the Caribbean,Barbados,Cosmetics,Online,C,4/20/2012,442729556,5/8/2012,2369,437.20,263.33,1035726.80,623828.77,411898.03
Sub-Saharan Africa,Sao Tome and Principe,Fruits,Offline,H,8/26/2014,880830419,9/2/2014,6150,9.33,6.92,57379.50,42558.00,14821.50
Australia and Oceania,Samoa ,Beverages,Offline,M,11/2/2015,171917426,12/21/2015,3042,47.45,31.79,144342.90,96705.18,47637.72
Australia and Oceania,Tonga,Household,Online,M,6/9/2015,717601907,6/24/2015,3206,668.27,502.54,2142473.62,1611143.24,531330.38
Europe,France,Meat,Online,M,4/21/2010,489807689,5/12/2010,3835,421.89,364.69,1617948.15,1398586.15,219362.00
Europe,Liechtenstein,Snacks,Online,L,7/2/2013,680771100,8/14/2013,4152,152.58,97.44,633512.16,404570.88,228941.28
Sub-Saharan Africa,South Africa,Meat,Online,C,8/26/2012,753040969,10/9/2012,412,421.89,364.69,173818.68,150252.28,23566.40
Europe,Kosovo,Clothes,Offline,C,8/6/2011,689478623,8/8/2011,901,109.28,35.84,98461.28,32291.84,66169.44
Australia and Oceania,Palau,Cereal,Online,C,6/10/2011,543257892,7/16/2011,937,205.70,117.11,192740.90,109732.07,83008.83
Europe,Sweden,Beverages,Offline,L,5/13/2014,887865102,6/4/2014,7869,47.45,31.79,373384.05,250155.51,123228.54
Europe,Bosnia and Herzegovina,Office Supplies,Online,L,4/2/2012,567099082,5/2/2012,6075,651.21,524.96,3956100.75,3189132.00,766968.75
Central America and the Caribbean,Antigua and Barbuda ,Snacks,Offline,C,3/14/2013,745071160,4/22/2013,1968,152.58,97.44,300277.44,191761.92,108515.52
Sub-Saharan Africa,Mauritius ,Cosmetics,Online,L,1/2/2015,856205165,1/22/2015,8990,437.20,263.33,3930428.00,2367336.70,1563091.30
Central America and the Caribbean,Costa Rica,Personal Care,Online,M,7/13/2016,855237424,7/17/2016,2614,81.73,56.67,213642.22,148135.38,65506.84
Sub-Saharan Africa,Burundi,Beverages,Offline,C,12/4/2013,767216765,12/17/2013,5345,47.45,31.79,253620.25,169917.55,83702.70
Sub-Saharan Africa,Sudan,Cereal,Offline,C,12/19/2011,237504518,1/20/2012,1719,205.70,117.11,353598.30,201312.09,152286.21
Europe,Croatia,Baby Food,Online,C,9/17/2012,781774508,10/18/2012,3305,255.28,159.42,843700.40,526883.10,316817.30
Asia,Cambodia,Cereal,Online,L,9/20/2011,836013066,11/6/2011,3699,205.70,117.11,760884.30,433189.89,327694.41
Europe,Liechtenstein,Fruits,Online,M,12/16/2016,706519019,12/19/2016,3533,9.33,6.92,32962.89,24448.36,8514.53
Sub-Saharan Africa,Lesotho,Beverages,Online,H,10/4/2014,319903695,11/11/2014,5467,47.45,31.79,259409.15,173795.93,85613.22
Sub-Saharan Africa,Sierra Leone,Household,Online,M,6/6/2011,573090922,7/2/2011,9194,668.27,502.54,6144074.38,4620352.76,1523721.62
Middle East and North Africa,Somalia,Clothes,Online,C,5/13/2014,183317029,5/20/2014,6437,109.28,35.84,703435.36,230702.08,472733.28
Sub-Saharan Africa,Sudan,Personal Care,Online,M,1/27/2013,638130843,2/3/2013,5952,81.73,56.67,486456.96,337299.84,149157.12
Sub-Saharan Africa,Botswana,Office Supplies,Online,L,4/16/2013,345393693,5/3/2013,8524,651.21,524.96,5550914.04,4474759.04,1076155.00
Sub-Saharan Africa,South Africa,Office Supplies,Online,M,6/11/2010,483279407,6/26/2010,1971,651.21,524.96,1283534.91,1034696.16,248838.75
Central America and the Caribbean,Saint Kitts and Nevis ,Household,Offline,C,3/7/2016,950274312,4/20/2016,6141,668.27,502.54,4103846.07,3086098.14,1017747.93
Europe,United Kingdom,Cosmetics,Offline,L,9/14/2016,815177237,10/16/2016,7914,437.20,263.33,3460000.80,2083993.62,1376007.18
Australia and Oceania,Marshall Islands,Snacks,Online,L,6/6/2014,567099511,7/1/2014,6202,152.58,97.44,946301.16,604322.88,341978.28
Sub-Saharan Africa,Eritrea,Personal Care,Online,C,8/14/2016,765464961,8/17/2016,6947,81.73,56.67,567778.31,393686.49,174091.82
Central America and the Caribbean,Panama,Cereal,Offline,L,6/18/2016,690009915,7/1/2016,8122,205.70,117.11,1670695.40,951167.42,719527.98
Sub-Saharan Africa,Democratic Republic of the Congo,Cosmetics,Offline,M,12/29/2011,590783202,2/4/2012,4733,437.20,263.33,2069267.60,1246340.89,822926.71
Asia,Brunei,Vegetables,Offline,C,6/17/2017,338146150,7/8/2017,3815,154.06,90.93,587738.90,346897.95,240840.95
Sub-Saharan Africa,Sudan,Fruits,Offline,C,2/5/2014,772772586,2/6/2014,9436,9.33,6.92,88037.88,65297.12,22740.76
Central America and the Caribbean,Jamaica,Fruits,Offline,M,7/1/2014,555648839,7/26/2014,7694,9.33,6.92,71785.02,53242.48,18542.54
Sub-Saharan Africa,Togo,Snacks,Online,L,5/19/2013,218073737,6/17/2013,1720,152.58,97.44,262437.60,167596.80,94840.80
Europe,Andorra,Fruits,Offline,M,2/8/2014,811658608,2/21/2014,6674,9.33,6.92,62268.42,46184.08,16084.34
Sub-Saharan Africa,Central African Republic,Clothes,Online,H,4/27/2017,758327281,5/11/2017,4749,109.28,35.84,518970.72,170204.16,348766.56
Asia,Cambodia,Office Supplies,Online,C,2/23/2017,800316083,3/31/2017,169,651.21,524.96,110054.49,88718.24,21336.25
Europe,Poland,Office Supplies,Offline,M,7/30/2012,850173842,8/15/2012,4188,651.21,524.96,2727267.48,2198532.48,528735.00
Middle East and North Africa,Afghanistan,Household,Offline,M,3/25/2011,440761888,4/1/2011,92,668.27,502.54,61480.84,46233.68,15247.16
Central America and the Caribbean,El Salvador,Cosmetics,Online,H,6/4/2010,975254046,6/6/2010,8200,437.20,263.33,3585040.00,2159306.00,1425734.00
Middle East and North Africa,Oman,Household,Online,H,2/19/2016,777136647,2/22/2016,858,668.27,502.54,573375.66,431179.32,142196.34
Sub-Saharan Africa,Madagascar,Cereal,Offline,C,6/14/2016,940208518,6/19/2016,7449,205.70,117.11,1532259.30,872352.39,659906.91
Asia,India,Beverages,Online,L,9/8/2015,378580987,9/21/2015,9382,47.45,31.79,445175.90,298253.78,146922.12
Australia and Oceania,Tonga,Snacks,Offline,L,6/4/2015,776677882,6/25/2015,5100,152.58,97.44,778158.00,496944.00,281214.00
Central America and the Caribbean,Panama,Office Supplies,Offline,L,9/29/2010,739235532,11/5/2010,5076,651.21,524.96,3305541.96,2664696.96,640845.00
Europe,Denmark,Cereal,Offline,L,9/19/2016,741302764,9/25/2016,6816,205.70,117.11,1402051.20,798221.76,603829.44
Europe,Denmark,Cosmetics,Offline,L,8/18/2011,878240907,9/25/2011,9856,437.20,263.33,4309043.20,2595380.48,1713662.72
Middle East and North Africa,Yemen,Baby Food,Offline,L,6/17/2016,415723788,7/17/2016,762,255.28,159.42,194523.36,121478.04,73045.32
Sub-Saharan Africa,Botswana,Clothes,Online,C,5/31/2015,939737737,7/13/2015,8134,109.28,35.84,888883.52,291522.56,597360.96
Europe,Portugal,Personal Care,Offline,H,9/1/2012,506581580,9/26/2012,7602,81.73,56.67,621311.46,430805.34,190506.12
Europe,Poland,Personal Care,Online,C,6/27/2013,392866647,8/6/2013,6826,81.73,56.67,557888.98,386829.42,171059.56
Sub-Saharan Africa,Sao Tome and Principe,Clothes,Online,M,10/28/2012,145516765,12/3/2012,499,109.28,35.84,54530.72,17884.16,36646.56
Sub-Saharan Africa,Equatorial Guinea,Beverages,Offline,M,4/14/2014,731768262,5/13/2014,5345,47.45,31.79,253620.25,169917.55,83702.70
Central America and the Caribbean,Grenada,Beverages,Offline,M,3/2/2011,489169967,3/22/2011,5118,47.45,31.79,242849.10,162701.22,80147.88
Sub-Saharan Africa,Mauritania,Meat,Offline,C,12/24/2012,975583207,1/18/2013,5605,421.89,364.69,2364693.45,2044087.45,320606.00
Asia,Uzbekistan,Office Supplies,Offline,L,5/20/2011,219181811,7/7/2011,9624,651.21,524.96,6267245.04,5052215.04,1215030.00
Middle East and North Africa,Saudi Arabia,Cereal,Online,L,3/23/2014,368452107,3/26/2014,2021,205.70,117.11,415719.70,236679.31,179040.39
Middle East and North Africa,Afghanistan,Fruits,Online,H,7/1/2011,942192924,8/20/2011,4679,9.33,6.92,43655.07,32378.68,11276.39
Sub-Saharan Africa,Mali,Cereal,Online,H,12/22/2016,179515588,12/25/2016,1507,205.70,117.11,309989.90,176484.77,133505.13
North America,Mexico,Cosmetics,Online,L,6/2/2011,889843928,6/23/2011,3448,437.20,263.33,1507465.60,907961.84,599503.76
Central America and the Caribbean,Costa Rica,Personal Care,Online,H,7/9/2014,102914273,8/2/2014,3475,81.73,56.67,284011.75,196928.25,87083.50
Europe,Switzerland,Household,Offline,L,12/14/2012,318775451,1/3/2013,1595,668.27,502.54,1065890.65,801551.30,264339.35
Sub-Saharan Africa,Nigeria,Meat,Online,H,3/8/2017,957788789,4/8/2017,9842,421.89,364.69,4152241.38,3589278.98,562962.40
Europe,Romania,Cosmetics,Online,M,3/23/2012,610628116,4/8/2012,7284,437.20,263.33,3184564.80,1918095.72,1266469.08
Middle East and North Africa,Azerbaijan,Meat,Offline,L,6/18/2014,188279759,8/7/2014,5020,421.89,364.69,2117887.80,1830743.80,287144.00
Asia,Nepal,Personal Care,Online,C,10/30/2014,672042548,12/11/2014,1179,81.73,56.67,96359.67,66813.93,29545.74
Europe,Czech Republic,Cereal,Online,C,11/23/2012,863527810,12/10/2012,5923,205.70,117.11,1218361.10,693642.53,524718.57
Europe,Croatia,Clothes,Online,C,2/4/2013,534659373,3/17/2013,6445,109.28,35.84,704309.60,230988.80,473320.80
Europe,Latvia,Cosmetics,Offline,M,5/5/2013,877673566,6/10/2013,1967,437.20,263.33,859972.40,517970.11,342002.29
Europe,Bulgaria,Cosmetics,Online,C,5/28/2016,455119216,6/17/2016,8745,437.20,263.33,3823314.00,2302820.85,1520493.15
Sub-Saharan Africa,Botswana,Beverages,Online,H,12/24/2010,149857652,1/12/2011,5064,47.45,31.79,240286.80,160984.56,79302.24
Europe,Spain,Cereal,Online,H,4/25/2013,915062701,4/25/2013,6243,205.70,117.11,1284185.10,731117.73,553067.37
Sub-Saharan Africa,Cape Verde,Snacks,Online,H,6/13/2010,624220693,7/26/2010,9629,152.58,97.44,1469192.82,938249.76,530943.06
Central America and the Caribbean,The Bahamas,Meat,Offline,L,12/25/2016,821130454,1/7/2017,9604,421.89,364.69,4051831.56,3502482.76,549348.80
Europe,Albania,Vegetables,Online,H,9/20/2010,869903314,11/4/2010,2577,154.06,90.93,397012.62,234326.61,162686.01
Europe,Macedonia,Vegetables,Offline,H,3/5/2012,204963099,3/9/2012,1991,154.06,90.93,306733.46,181041.63,125691.83
Europe,Poland,Personal Care,Online,H,8/24/2012,581046140,9/19/2012,3320,81.73,56.67,271343.60,188144.40,83199.20
Middle East and North Africa,Tunisia ,Baby Food,Online,H,11/5/2015,223201262,12/6/2015,9068,255.28,159.42,2314879.04,1445620.56,869258.48
North America,United States of America,Office Supplies,Offline,L,5/30/2011,576789796,5/31/2011,3773,651.21,524.96,2457015.33,1980674.08,476341.25
Europe,Serbia,Snacks,Offline,H,7/16/2016,457485568,7/27/2016,9001,152.58,97.44,1373372.58,877057.44,496315.14
Asia,Myanmar,Household,Online,M,8/26/2011,101274907,10/11/2011,8350,668.27,502.54,5580054.50,4196209.00,1383845.50
Sub-Saharan Africa,Liberia,Clothes,Offline,L,4/13/2012,714456641,5/12/2012,2452,109.28,35.84,267954.56,87879.68,180074.88
Sub-Saharan Africa,Tanzania,Personal Care,Online,H,5/2/2012,423642098,6/19/2012,3966,81.73,56.67,324141.18,224753.22,99387.96
Asia,Philippines,Household,Offline,C,7/22/2010,125755107,8/19/2010,2586,668.27,502.54,1728146.22,1299568.44,428577.78
Asia,Bangladesh,Vegetables,Offline,C,4/28/2014,338031995,5/5/2014,34,154.06,90.93,5238.04,3091.62,2146.42
Central America and the Caribbean,Dominica,Cereal,Online,H,2/27/2013,748021590,3/14/2013,5066,205.70,117.11,1042076.20,593279.26,448796.94
Sub-Saharan Africa,Democratic Republic of the Congo,Beverages,Offline,H,10/16/2012,663585221,11/26/2012,8468,47.45,31.79,401806.60,269197.72,132608.88
Sub-Saharan Africa,Botswana,Cosmetics,Online,L,3/23/2016,362896716,4/3/2016,8058,437.20,263.33,3522957.60,2121913.14,1401044.46
Central America and the Caribbean,El Salvador,Snacks,Offline,C,5/20/2012,644442403,6/10/2012,3683,152.58,97.44,561952.14,358871.52,203080.62
Asia,Japan,Cereal,Online,M,3/12/2010,577021110,4/30/2010,2224,205.70,117.11,457476.80,260452.64,197024.16
Europe,Monaco,Personal Care,Offline,H,1/25/2012,649744164,3/3/2012,2592,81.73,56.67,211844.16,146888.64,64955.52
Central America and the Caribbean,Guatemala,Meat,Offline,M,2/14/2010,522035396,3/7/2010,729,421.89,364.69,307557.81,265859.01,41698.80
Europe,Armenia,Vegetables,Offline,C,9/11/2012,373631131,10/24/2012,4609,154.06,90.93,710062.54,419096.37,290966.17
Central America and the Caribbean,The Bahamas,Baby Food,Online,L,3/31/2010,454580199,5/6/2010,9238,255.28,159.42,2358276.64,1472721.96,885554.68
Europe,Montenegro,Baby Food,Offline,C,1/8/2017,635243928,2/26/2017,1650,255.28,159.42,421212.00,263043.00,158169.00
Europe,Croatia,Beverages,Offline,C,4/5/2014,856296145,4/19/2014,5913,47.45,31.79,280571.85,187974.27,92597.58
Europe,Portugal,Cereal,Online,M,7/19/2014,678723180,8/19/2014,8126,205.70,117.11,1671518.20,951635.86,719882.34
Central America and the Caribbean,Antigua and Barbuda ,Cosmetics,Online,C,8/10/2012,633823859,9/15/2012,1420,437.20,263.33,620824.00,373928.60,246895.40
Middle East and North Africa,Afghanistan,Cosmetics,Offline,L,10/21/2011,873209512,11/19/2011,954,437.20,263.33,417088.80,251216.82,165871.98
Middle East and North Africa,Kuwait,Personal Care,Offline,M,10/10/2012,718803966,11/27/2012,8922,81.73,56.67,729195.06,505609.74,223585.32
North America,United States of America,Vegetables,Offline,H,3/24/2017,912843549,5/7/2017,9546,154.06,90.93,1470656.76,868017.78,602638.98
Europe,Malta,Household,Offline,H,7/26/2016,467877089,8/1/2016,4083,668.27,502.54,2728546.41,2051870.82,676675.59
Australia and Oceania,New Zealand,Office Supplies,Offline,H,11/6/2010,716765916,12/14/2010,5817,651.21,524.96,3788088.57,3053692.32,734396.25
Sub-Saharan Africa,Angola,Clothes,Offline,H,7/15/2012,362683856,8/15/2012,5067,109.28,35.84,553721.76,181601.28,372120.48
Australia and Oceania,Kiribati,Fruits,Offline,M,6/15/2012,429117238,7/24/2012,4182,9.33,6.92,39018.06,28939.44,10078.62
Central America and the Caribbean,Dominica,Clothes,Offline,M,11/5/2013,209864890,11/8/2013,2539,109.28,35.84,277461.92,90997.76,186464.16
Europe,Armenia,Baby Food,Online,L,6/11/2013,419038140,7/14/2013,1553,255.28,159.42,396449.84,247579.26,148870.58
Asia,Taiwan,Personal Care,Offline,C,10/31/2012,941060817,11/20/2012,9663,81.73,56.67,789756.99,547602.21,242154.78
Asia,Kazakhstan,Baby Food,Online,H,9/1/2014,380669248,9/24/2014,7345,255.28,159.42,1875031.60,1170939.90,704091.70
Europe,Monaco,Clothes,Offline,L,4/21/2011,112912261,5/29/2011,2102,109.28,35.84,229706.56,75335.68,154370.88
Europe,Vatican City,Cereal,Offline,H,4/23/2011,233151185,5/15/2011,3472,205.70,117.11,714190.40,406605.92,307584.48
Australia and Oceania,Palau,Office Supplies,Online,L,12/14/2012,907059848,1/8/2013,8021,651.21,524.96,5223355.41,4210704.16,1012651.25
Europe,Albania,Beverages,Offline,M,7/31/2015,120624577,8/5/2015,4348,47.45,31.79,206312.60,138222.92,68089.68
Europe,Ireland,Clothes,Online,H,10/20/2015,430144202,11/3/2015,8083,109.28,35.84,883310.24,289694.72,593615.52
Asia,Nepal,Snacks,Online,M,4/21/2011,412230050,5/3/2011,6887,152.58,97.44,1050818.46,671069.28,379749.18
Central America and the Caribbean,Haiti,Office Supplies,Online,M,3/9/2012,513805949,3/10/2012,5453,651.21,524.96,3551048.13,2862606.88,688441.25
Asia,India,Cereal,Online,H,6/25/2014,802108228,8/8/2014,504,205.70,117.11,103672.80,59023.44,44649.36
Sub-Saharan Africa,Niger,Baby Food,Offline,L,6/28/2011,514685714,8/10/2011,5795,255.28,159.42,1479347.60,923838.90,555508.70
Europe,Kosovo,Personal Care,Offline,C,9/20/2012,309399735,10/2/2012,7112,81.73,56.67,581263.76,403037.04,178226.72
Europe,Romania,Clothes,Offline,M,5/26/2017,914424121,6/3/2017,7273,109.28,35.84,794793.44,260664.32,534129.12
Sub-Saharan Africa,Democratic Republic of the Congo,Beverages,Offline,H,8/31/2010,878245198,10/16/2010,1126,47.45,31.79,53428.70,35795.54,17633.16
Middle East and North Africa,Kuwait,Household,Offline,M,10/17/2012,619661796,11/16/2012,550,668.27,502.54,367548.50,276397.00,91151.50
Sub-Saharan Africa,Mozambique,Meat,Online,M,11/6/2014,177785241,12/6/2014,9458,421.89,364.69,3990235.62,3449238.02,540997.60
Australia and Oceania,Kiribati,Household,Offline,L,9/24/2012,562039363,9/26/2012,8792,668.27,502.54,5875429.84,4418331.68,1457098.16
Sub-Saharan Africa,Gabon,Office Supplies,Offline,H,12/28/2010,602160489,1/15/2011,1525,651.21,524.96,993095.25,800564.00,192531.25
Sub-Saharan Africa,South Africa,Cosmetics,Online,M,6/11/2011,998197448,7/15/2011,7662,437.20,263.33,3349826.40,2017634.46,1332191.94
Sub-Saharan Africa,Malawi,Clothes,Online,C,12/24/2016,270511567,1/15/2017,9239,109.28,35.84,1009637.92,331125.76,678512.16
Europe,Moldova ,Office Supplies,Offline,H,8/15/2012,609776675,9/28/2012,5324,651.21,524.96,3467042.04,2794887.04,672155.00
North America,Canada,Baby Food,Online,M,10/1/2014,226979100,10/20/2014,7015,255.28,159.42,1790789.20,1118331.30,672457.90
Europe,Andorra,Meat,Offline,L,4/17/2014,103417670,4/30/2014,2442,421.89,364.69,1030255.38,890572.98,139682.40
Sub-Saharan Africa,Djibouti,Personal Care,Offline,L,10/31/2010,840703713,12/18/2010,1766,81.73,56.67,144335.18,100079.22,44255.96
Europe,Finland,Cosmetics,Online,C,5/12/2016,410761058,6/19/2016,2180,437.20,263.33,953096.00,574059.40,379036.60
Europe,Poland,Clothes,Online,M,8/28/2013,905826032,9/5/2013,2907,109.28,35.84,317676.96,104186.88,213490.08
Sub-Saharan Africa,Mali,Baby Food,Offline,H,1/23/2013,888447463,2/16/2013,202,255.28,159.42,51566.56,32202.84,19363.72
Asia,Brunei,Fruits,Online,L,11/1/2010,341486680,11/15/2010,2352,9.33,6.92,21944.16,16275.84,5668.32
Asia,Nepal,Cosmetics,Offline,C,8/31/2015,218117511,10/13/2015,4673,437.20,263.33,2043035.60,1230541.09,812494.51
Australia and Oceania,Federated States of Micronesia,Beverages,Offline,H,7/31/2014,191826283,9/11/2014,4515,47.45,31.79,214236.75,143531.85,70704.90
Sub-Saharan Africa,South Africa,Snacks,Online,C,8/12/2014,906411826,9/7/2014,6257,152.58,97.44,954693.06,609682.08,345010.98
Asia,Kyrgyzstan,Baby Food,Online,L,4/14/2016,825985467,5/13/2016,6310,255.28,159.42,1610816.80,1005940.20,604876.60
Asia,Maldives,Household,Offline,H,5/24/2017,284971034,6/11/2017,8117,668.27,502.54,5424347.59,4079117.18,1345230.41
Europe,Liechtenstein,Clothes,Offline,M,10/22/2016,138104856,11/18/2016,7151,109.28,35.84,781461.28,256291.84,525169.44
Sub-Saharan Africa,Sudan,Fruits,Offline,C,8/31/2010,410435760,9/26/2010,5917,9.33,6.92,55205.61,40945.64,14259.97
Europe,Albania,Baby Food,Online,L,4/29/2011,747325074,6/18/2011,8952,255.28,159.42,2285266.56,1427127.84,858138.72
Sub-Saharan Africa,Comoros,Snacks,Offline,L,4/9/2013,864446628,4/29/2013,7822,152.58,97.44,1193480.76,762175.68,431305.08
Middle East and North Africa,Pakistan,Office Supplies,Online,L,1/20/2012,997786748,2/12/2012,6127,651.21,524.96,3989963.67,3216429.92,773533.75
Middle East and North Africa,Somalia,Meat,Online,M,8/27/2015,553644263,9/28/2015,4496,421.89,364.69,1896817.44,1639646.24,257171.20
Asia,Kyrgyzstan,Office Supplies,Offline,H,5/22/2010,358630502,6/26/2010,5590,651.21,524.96,3640263.90,2934526.40,705737.50
Europe,Kosovo,Beverages,Online,L,2/25/2010,409669291,3/3/2010,9102,47.45,31.79,431889.90,289352.58,142537.32
Sub-Saharan Africa,Namibia,Cosmetics,Online,M,10/4/2014,323996961,11/10/2014,6755,437.20,263.33,2953286.00,1778794.15,1174491.85
Europe,France,Household,Online,H,9/20/2013,689162337,9/21/2013,7305,668.27,502.54,4881712.35,3671054.70,1210657.65
Sub-Saharan Africa,Namibia,Personal Care,Offline,C,10/7/2012,813026750,11/18/2012,1537,81.73,56.67,125619.01,87101.79,38517.22
North America,Canada,Cereal,Online,H,11/27/2014,973764026,1/3/2015,7269,205.70,117.11,1495233.30,851272.59,643960.71
Central America and the Caribbean,Haiti,Fruits,Offline,H,8/19/2016,169860494,9/15/2016,4350,9.33,6.92,40585.50,30102.00,10483.50
Central America and the Caribbean,Honduras,Cosmetics,Offline,M,9/24/2011,170114982,11/6/2011,9658,437.20,263.33,4222477.60,2543241.14,1679236.46
Australia and Oceania,Tonga,Personal Care,Offline,C,3/6/2010,563638818,4/4/2010,2106,81.73,56.67,172123.38,119347.02,52776.36
North America,Greenland,Household,Online,C,9/4/2011,109855830,9/20/2011,7636,668.27,502.54,5102909.72,3837395.44,1265514.28
Australia and Oceania,Tuvalu,Snacks,Offline,M,12/22/2016,788502347,12/22/2016,4222,152.58,97.44,644192.76,411391.68,232801.08
Europe,Poland,Cereal,Offline,H,7/18/2016,149627196,7/31/2016,6867,205.70,117.11,1412541.90,804194.37,608347.53
Australia and Oceania,Fiji,Snacks,Online,M,1/21/2017,763591706,1/24/2017,2609,152.58,97.44,398081.22,254220.96,143860.26
Sub-Saharan Africa,Mali,Clothes,Online,M,11/22/2014,771069705,11/26/2014,5515,109.28,35.84,602679.20,197657.60,405021.60
Europe,Greece,Cosmetics,Offline,C,1/26/2015,633047521,2/10/2015,1684,437.20,263.33,736244.80,443447.72,292797.08
Middle East and North Africa,Yemen,Household,Offline,H,4/23/2012,880823981,5/14/2012,4245,668.27,502.54,2836806.15,2133282.30,703523.85
Asia,Mongolia,Vegetables,Online,H,7/19/2017,766010415,8/11/2017,8359,154.06,90.93,1287787.54,760083.87,527703.67
Sub-Saharan Africa,The Gambia,Personal Care,Online,H,4/12/2016,510530650,4/21/2016,6219,81.73,56.67,508278.87,352430.73,155848.14
Asia,Uzbekistan,Office Supplies,Online,C,3/17/2010,856621015,4/16/2010,2049,651.21,524.96,1334329.29,1075643.04,258686.25
Europe,Poland,Cereal,Offline,C,6/17/2013,816830337,7/11/2013,7103,205.70,117.11,1461087.10,831832.33,629254.77
Sub-Saharan Africa,Niger,Office Supplies,Offline,H,12/10/2010,824019944,1/26/2011,4668,651.21,524.96,3039848.28,2450513.28,589335.00
Sub-Saharan Africa,Lesotho,Office Supplies,Offline,M,2/15/2015,481363666,3/25/2015,5060,651.21,524.96,3295122.60,2656297.60,638825.00
Sub-Saharan Africa,Democratic Republic of the Congo,Beverages,Offline,H,10/28/2016,812347829,10/29/2016,630,47.45,31.79,29893.50,20027.70,9865.80
Europe,Moldova ,Household,Offline,H,9/18/2011,210771262,10/18/2011,755,668.27,502.54,504543.85,379417.70,125126.15
Central America and the Caribbean,Grenada,Vegetables,Online,C,9/3/2011,290745294,10/4/2011,6848,154.06,90.93,1055002.88,622688.64,432314.24
Europe,Bulgaria,Meat,Offline,M,9/19/2010,936693751,11/6/2010,7351,421.89,364.69,3101313.39,2680836.19,420477.20
Europe,United Kingdom,Clothes,Offline,H,6/29/2011,753352963,8/6/2011,2738,109.28,35.84,299208.64,98129.92,201078.72
Central America and the Caribbean,El Salvador,Personal Care,Online,C,12/7/2013,215771758,1/23/2014,513,81.73,56.67,41927.49,29071.71,12855.78
Sub-Saharan Africa,Lesotho,Cosmetics,Offline,C,6/17/2011,319311463,7/21/2011,213,437.20,263.33,93123.60,56089.29,37034.31
Sub-Saharan Africa,Democratic Republic of the Congo,Cereal,Online,C,6/28/2017,329645907,8/15/2017,8404,205.70,117.11,1728702.80,984192.44,744510.36
Australia and Oceania,Marshall Islands,Fruits,Offline,H,3/21/2016,932761418,5/7/2016,3687,9.33,6.92,34399.71,25514.04,8885.67
Europe,Germany,Baby Food,Online,M,11/2/2011,184956824,12/4/2011,1689,255.28,159.42,431167.92,269260.38,161907.54
Sub-Saharan Africa,Liberia,Vegetables,Offline,M,3/1/2017,262843453,3/15/2017,74,154.06,90.93,11400.44,6728.82,4671.62
Europe,Montenegro,Fruits,Offline,C,1/9/2012,713345134,2/23/2012,3532,9.33,6.92,32953.56,24441.44,8512.12
Europe,Kosovo,Meat,Offline,H,2/25/2015,703698194,4/3/2015,8788,421.89,364.69,3707569.32,3204895.72,502673.60
Asia,Turkmenistan,Cosmetics,Online,M,4/13/2012,371451461,5/26/2012,9597,437.20,263.33,4195808.40,2527178.01,1668630.39
Asia,India,Snacks,Offline,M,12/6/2012,374466264,1/3/2013,1744,152.58,97.44,266099.52,169935.36,96164.16
Sub-Saharan Africa,Seychelles ,Fruits,Online,L,4/26/2016,540916430,6/12/2016,8047,9.33,6.92,75078.51,55685.24,19393.27
Europe,Albania,Beverages,Offline,H,2/24/2015,319288289,3/11/2015,3355,47.45,31.79,159194.75,106655.45,52539.30
Europe,Bulgaria,Office Supplies,Offline,H,7/27/2014,128380668,9/3/2014,9547,651.21,524.96,6217101.87,5011793.12,1205308.75
Sub-Saharan Africa,Zambia,Cereal,Online,C,3/13/2013,907304894,4/17/2013,535,205.70,117.11,110049.50,62653.85,47395.65
Europe,Latvia,Office Supplies,Online,H,7/9/2014,965484797,7/21/2014,7262,651.21,524.96,4729087.02,3812259.52,916827.50
Australia and Oceania,Tuvalu,Meat,Online,H,7/4/2015,932656705,8/13/2015,2700,421.89,364.69,1139103.00,984663.00,154440.00
Europe,Bosnia and Herzegovina,Clothes,Online,L,5/28/2010,608869445,6/22/2010,6854,109.28,35.84,749005.12,245647.36,503357.76
Sub-Saharan Africa,Namibia,Cosmetics,Online,H,4/2/2017,314484345,5/14/2017,1761,437.20,263.33,769909.20,463724.13,306185.07
Europe,Norway,Snacks,Online,H,6/29/2013,440175235,8/17/2013,6488,152.58,97.44,989939.04,632190.72,357748.32
Australia and Oceania,New Zealand,Household,Offline,M,7/5/2015,996928441,7/23/2015,2135,668.27,502.54,1426756.45,1072922.90,353833.55
Europe,United Kingdom,Personal Care,Online,L,3/26/2014,266042792,4/7/2014,6829,81.73,56.67,558134.17,386999.43,171134.74
Middle East and North Africa,Kuwait,Vegetables,Online,C,10/23/2016,649129617,10/29/2016,734,154.06,90.93,113080.04,66742.62,46337.42
Europe,Monaco,Clothes,Online,H,7/12/2012,118112742,7/25/2012,1040,109.28,35.84,113651.20,37273.60,76377.60
Central America and the Caribbean,Cuba,Office Supplies,Online,C,6/12/2014,765228497,6/20/2014,6972,651.21,524.96,4540236.12,3660021.12,880215.00
Europe,Hungary,Baby Food,Online,L,3/11/2010,253025710,3/17/2010,4785,255.28,159.42,1221514.80,762824.70,458690.10
Europe,Macedonia,Snacks,Online,H,3/2/2011,364365708,4/8/2011,2765,152.58,97.44,421883.70,269421.60,152462.10
Sub-Saharan Africa,Ethiopia,Meat,Offline,C,11/30/2010,252422320,12/14/2010,6229,421.89,364.69,2627952.81,2271654.01,356298.80
Middle East and North Africa,United Arab Emirates,Cosmetics,Offline,M,8/12/2011,490681874,8/30/2011,2525,437.20,263.33,1103930.00,664908.25,439021.75
Middle East and North Africa,Tunisia ,Vegetables,Offline,M,9/19/2012,822943198,10/5/2012,6035,154.06,90.93,929752.10,548762.55,380989.55
Sub-Saharan Africa,Uganda,Beverages,Online,M,10/2/2014,613317620,11/12/2014,3168,47.45,31.79,150321.60,100710.72,49610.88
Sub-Saharan Africa,Malawi,Cosmetics,Online,M,7/7/2015,196228969,7/16/2015,7367,437.20,263.33,3220852.40,1939952.11,1280900.29
Europe,Lithuania,Cereal,Offline,H,11/13/2013,426413571,11/18/2013,4106,205.70,117.11,844604.20,480853.66,363750.54
Central America and the Caribbean,Costa Rica,Household,Online,C,7/13/2013,428920257,9/1/2013,5890,668.27,502.54,3936110.30,2959960.60,976149.70
Asia,Kyrgyzstan,Household,Online,H,9/18/2011,749110352,10/14/2011,7255,668.27,502.54,4848298.85,3645927.70,1202371.15
Asia,Bangladesh,Cereal,Offline,L,6/22/2010,202657687,6/28/2010,9768,205.70,117.11,2009277.60,1143930.48,865347.12
Europe,Malta,Vegetables,Online,C,12/6/2012,825548589,1/3/2013,7028,154.06,90.93,1082733.68,639056.04,443677.64
Sub-Saharan Africa,Ethiopia,Vegetables,Offline,M,12/4/2011,224081885,12/17/2011,9664,154.06,90.93,1488835.84,878747.52,610088.32
Europe,Austria,Meat,Online,L,6/27/2016,124868905,6/27/2016,339,421.89,364.69,143020.71,123629.91,19390.80
Sub-Saharan Africa,Ethiopia,Vegetables,Offline,C,3/23/2010,524833476,4/6/2010,8743,154.06,90.93,1346946.58,795000.99,551945.59
Sub-Saharan Africa,Republic of the Congo,Cosmetics,Offline,H,8/31/2015,141211926,10/14/2015,6602,437.20,263.33,2886394.40,1738504.66,1147889.74
Middle East and North Africa,Iran,Meat,Offline,L,10/2/2014,461553084,10/18/2014,2669,421.89,364.69,1126024.41,973357.61,152666.80
Asia,Bangladesh,Office Supplies,Online,H,3/20/2013,793718278,4/11/2013,7731,651.21,524.96,5034504.51,4058465.76,976038.75
Europe,Poland,Cosmetics,Offline,C,1/22/2014,515881335,3/2/2014,9606,437.20,263.33,4199743.20,2529547.98,1670195.22
Sub-Saharan Africa,Cape Verde,Snacks,Offline,L,10/14/2013,426528584,10/24/2013,8141,152.58,97.44,1242153.78,793259.04,448894.74
Middle East and North Africa,United Arab Emirates,Office Supplies,Offline,L,9/27/2013,494458854,10/12/2013,218,651.21,524.96,141963.78,114441.28,27522.50
Central America and the Caribbean,El Salvador,Snacks,Online,H,5/2/2016,308783471,6/19/2016,4746,152.58,97.44,724144.68,462450.24,261694.44
Europe,Vatican City,Beverages,Online,C,9/12/2013,428926265,10/22/2013,7668,47.45,31.79,363846.60,243765.72,120080.88
Sub-Saharan Africa,The Gambia,Meat,Offline,M,2/26/2014,134623563,4/3/2014,6959,421.89,364.69,2935932.51,2537877.71,398054.80
Europe,Macedonia,Fruits,Online,C,9/29/2015,575924193,10/18/2015,7622,9.33,6.92,71113.26,52744.24,18369.02
Europe,Slovakia,Snacks,Online,H,7/25/2017,723189485,8/31/2017,6694,152.58,97.44,1021370.52,652263.36,369107.16
Europe,Greece,Clothes,Online,C,12/31/2015,517093265,1/23/2016,8243,109.28,35.84,900795.04,295429.12,605365.92
Europe,Czech Republic,Office Supplies,Online,M,1/24/2016,418621861,2/21/2016,8366,651.21,524.96,5448022.86,4391815.36,1056207.50
Asia,Kazakhstan,Vegetables,Offline,H,6/26/2012,959074103,7/31/2012,195,154.06,90.93,30041.70,17731.35,12310.35
Asia,Maldives,Household,Online,C,3/11/2016,490061318,4/26/2016,8889,668.27,502.54,5940252.03,4467078.06,1473173.97
Europe,Ireland,Snacks,Offline,C,9/6/2012,133507335,10/25/2012,6642,152.58,97.44,1013436.36,647196.48,366239.88
Sub-Saharan Africa,Liberia,Clothes,Online,C,3/26/2011,631648480,5/9/2011,7677,109.28,35.84,838942.56,275143.68,563798.88
North America,United States of America,Clothes,Offline,H,10/28/2010,997033584,11/18/2010,3249,109.28,35.84,355050.72,116444.16,238606.56
Sub-Saharan Africa,Guinea,Personal Care,Online,L,7/5/2011,762523972,8/8/2011,6643,81.73,56.67,542932.39,376458.81,166473.58
Australia and Oceania,Samoa ,Vegetables,Offline,H,8/11/2010,431293475,9/2/2010,8178,154.06,90.93,1259902.68,743625.54,516277.14
Central America and the Caribbean,Belize,Clothes,Online,C,2/3/2014,126828420,3/17/2014,203,109.28,35.84,22183.84,7275.52,14908.32
Europe,Estonia,Clothes,Offline,M,1/20/2010,942927634,2/24/2010,2096,109.28,35.84,229050.88,75120.64,153930.24
Australia and Oceania,Solomon Islands,Clothes,Offline,M,5/18/2010,893702447,5/25/2010,5269,109.28,35.84,575796.32,188840.96,386955.36
Central America and the Caribbean,Barbados,Household,Online,H,8/23/2016,763576686,8/26/2016,8165,668.27,502.54,5456424.55,4103239.10,1353185.45
Asia,South Korea,Clothes,Offline,M,5/12/2016,957286679,6/11/2016,1256,109.28,35.84,137255.68,45015.04,92240.64
Sub-Saharan Africa,Mozambique,Personal Care,Online,L,1/13/2017,149881255,2/16/2017,2049,81.73,56.67,167464.77,116116.83,51347.94
Asia,Singapore,Meat,Offline,C,2/1/2012,236721742,2/26/2012,79,421.89,364.69,33329.31,28810.51,4518.80
North America,Mexico,Snacks,Offline,M,12/6/2014,483481967,1/24/2015,1913,152.58,97.44,291885.54,186402.72,105482.82
Sub-Saharan Africa,Botswana,Clothes,Online,H,5/2/2017,676148259,5/18/2017,6150,109.28,35.84,672072.00,220416.00,451656.00
Europe,Liechtenstein,Meat,Offline,C,12/1/2015,671019446,12/28/2015,8421,421.89,364.69,3552735.69,3071054.49,481681.20
Central America and the Caribbean,Antigua and Barbuda ,Beverages,Online,M,12/5/2015,844706857,1/18/2016,6385,47.45,31.79,302968.25,202979.15,99989.10
Europe,Czech Republic,Fruits,Offline,L,4/30/2012,744134318,5/16/2012,4736,9.33,6.92,44186.88,32773.12,11413.76
Sub-Saharan Africa,Mali,Cosmetics,Online,M,4/18/2016,436538159,4/25/2016,197,437.20,263.33,86128.40,51876.01,34252.39
Europe,Slovakia,Personal Care,Offline,M,7/21/2013,959467208,8/11/2013,6523,81.73,56.67,533124.79,369658.41,163466.38
Sub-Saharan Africa,Equatorial Guinea,Vegetables,Online,H,8/13/2013,270782792,9/4/2013,9500,154.06,90.93,1463570.00,863835.00,599735.00
Europe,Croatia,Baby Food,Online,H,9/16/2015,898658740,9/29/2015,1946,255.28,159.42,496774.88,310231.32,186543.56
Sub-Saharan Africa,Sudan,Cereal,Online,M,7/15/2012,491581380,7/28/2012,8709,205.70,117.11,1791441.30,1019910.99,771530.31
Europe,Serbia,Fruits,Offline,H,10/24/2016,368349540,11/18/2016,1669,9.33,6.92,15571.77,11549.48,4022.29
Asia,North Korea,Snacks,Online,L,1/8/2012,568074548,1/26/2012,4737,152.58,97.44,722771.46,461573.28,261198.18
Sub-Saharan Africa,Zimbabwe,Fruits,Offline,L,10/12/2016,300180232,12/1/2016,8856,9.33,6.92,82626.48,61283.52,21342.96
Europe,Belarus,Clothes,Offline,C,12/2/2012,194402921,1/10/2013,6999,109.28,35.84,764850.72,250844.16,514006.56
Sub-Saharan Africa,Madagascar,Personal Care,Offline,H,5/31/2017,950791442,7/15/2017,9171,81.73,56.67,749545.83,519720.57,229825.26
Sub-Saharan Africa,Zimbabwe,Clothes,Online,M,6/4/2010,189707124,7/13/2010,7408,109.28,35.84,809546.24,265502.72,544043.52
North America,Mexico,Office Supplies,Online,L,11/2/2014,101823794,12/3/2014,778,651.21,524.96,506641.38,408418.88,98222.50
Europe,Poland,Office Supplies,Online,C,9/27/2016,698127782,11/11/2016,379,651.21,524.96,246808.59,198959.84,47848.75
Sub-Saharan Africa,Namibia,Snacks,Offline,H,8/23/2014,259917914,10/2/2014,4342,152.58,97.44,662502.36,423084.48,239417.88
Sub-Saharan Africa,Democratic Republic of the Congo,Fruits,Offline,M,9/10/2015,288805520,10/23/2015,2826,9.33,6.92,26366.58,19555.92,6810.66
Central America and the Caribbean,Dominican Republic,Personal Care,Offline,L,9/27/2016,556714427,10/13/2016,3025,81.73,56.67,247233.25,171426.75,75806.50
Sub-Saharan Africa,Guinea,Vegetables,Online,L,9/16/2015,455880963,10/22/2015,4163,154.06,90.93,641351.78,378541.59,262810.19
Australia and Oceania,Tuvalu,Fruits,Offline,M,5/14/2015,348853957,5/31/2015,2493,9.33,6.92,23259.69,17251.56,6008.13
Sub-Saharan Africa,Swaziland,Personal Care,Online,M,12/21/2011,218494737,1/28/2012,6303,81.73,56.67,515144.19,357191.01,157953.18
Europe,Romania,Baby Food,Online,H,3/18/2014,117977130,3/31/2014,909,255.28,159.42,232049.52,144912.78,87136.74
Central America and the Caribbean,Saint Kitts and Nevis ,Household,Online,C,9/9/2016,620787465,10/2/2016,3661,668.27,502.54,2446536.47,1839798.94,606737.53
Sub-Saharan Africa,Cape Verde,Baby Food,Offline,H,4/19/2011,570724570,5/24/2011,8938,255.28,159.42,2281692.64,1424895.96,856796.68
Sub-Saharan Africa,Mauritius ,Baby Food,Online,M,9/10/2013,231899774,10/11/2013,3151,255.28,159.42,804387.28,502332.42,302054.86
Central America and the Caribbean,Dominican Republic,Beverages,Online,C,2/8/2014,838736903,3/9/2014,9743,47.45,31.79,462305.35,309729.97,152575.38
Europe,Russia,Household,Online,C,5/28/2011,545972287,6/9/2011,4187,668.27,502.54,2798046.49,2104134.98,693911.51
Europe,Denmark,Fruits,Online,H,11/14/2016,278654754,11/15/2016,8989,9.33,6.92,83867.37,62203.88,21663.49
Sub-Saharan Africa,Zimbabwe,Personal Care,Online,C,7/29/2012,582145631,8/28/2012,8684,81.73,56.67,709743.32,492122.28,217621.04
Europe,Georgia,Office Supplies,Offline,C,9/20/2015,272118747,10/12/2015,4839,651.21,524.96,3151205.19,2540281.44,610923.75
Sub-Saharan Africa,Burundi,Meat,Offline,L,4/13/2014,484560430,4/24/2014,1054,421.89,364.69,444672.06,384383.26,60288.80
Europe,Cyprus,Office Supplies,Offline,M,3/28/2016,625769507,4/20/2016,7958,651.21,524.96,5182329.18,4177631.68,1004697.50
Central America and the Caribbean,Dominica,Household,Offline,L,6/27/2015,622357308,8/10/2015,8213,668.27,502.54,5488501.51,4127361.02,1361140.49
Middle East and North Africa,Egypt,Beverages,Online,H,10/8/2010,471247661,11/27/2010,1510,47.45,31.79,71649.50,48002.90,23646.60
Sub-Saharan Africa,Benin,Office Supplies,Online,H,1/16/2017,689676892,2/14/2017,9573,651.21,524.96,6234033.33,5025442.08,1208591.25
Asia,Laos,Meat,Offline,H,4/4/2016,965193831,4/12/2016,1158,421.89,364.69,488548.62,422311.02,66237.60
Middle East and North Africa,Saudi Arabia,Meat,Offline,M,2/19/2014,605659806,3/21/2014,7051,421.89,364.69,2974746.39,2571429.19,403317.20
Europe,Montenegro,Meat,Online,H,9/8/2013,789248645,9/28/2013,5068,421.89,364.69,2138138.52,1848248.92,289889.60
Sub-Saharan Africa,Niger,Personal Care,Offline,M,5/30/2011,514446675,6/21/2011,5058,81.73,56.67,413390.34,286636.86,126753.48
Australia and Oceania,Papua New Guinea,Beverages,Offline,M,3/21/2016,650052726,4/6/2016,3902,47.45,31.79,185149.90,124044.58,61105.32
Europe,Albania,Cosmetics,Online,L,5/24/2015,785178124,7/9/2015,510,437.20,263.33,222972.00,134298.30,88673.70
Central America and the Caribbean,Costa Rica,Office Supplies,Offline,M,3/12/2016,579246699,4/23/2016,825,651.21,524.96,537248.25,433092.00,104156.25
Central America and the Caribbean,El Salvador,Vegetables,Offline,L,10/22/2011,211994779,12/11/2011,2821,154.06,90.93,434603.26,256513.53,178089.73
Europe,Montenegro,Household,Offline,C,6/1/2015,833471190,6/3/2015,1502,668.27,502.54,1003741.54,754815.08,248926.46
Asia,Singapore,Baby Food,Offline,H,12/22/2010,514037263,2/9/2011,3904,255.28,159.42,996613.12,622375.68,374237.44
Australia and Oceania,Solomon Islands,Beverages,Online,C,1/3/2010,994366824,1/23/2010,4095,47.45,31.79,194307.75,130180.05,64127.70
Europe,Georgia,Snacks,Offline,L,7/14/2017,935446202,8/1/2017,8174,152.58,97.44,1247188.92,796474.56,450714.36
Sub-Saharan Africa,Sudan,Cosmetics,Online,H,2/17/2013,868574225,3/16/2013,9270,437.20,263.33,4052844.00,2441069.10,1611774.90
Asia,Uzbekistan,Cosmetics,Offline,H,4/24/2015,945362222,6/10/2015,2544,437.20,263.33,1112236.80,669911.52,442325.28
Asia,Kyrgyzstan,Cosmetics,Offline,H,2/17/2017,487734019,3/5/2017,190,437.20,263.33,83068.00,50032.70,33035.30
Europe,Switzerland,Fruits,Offline,M,9/24/2012,237925946,10/30/2012,6430,9.33,6.92,59991.90,44495.60,15496.30
Sub-Saharan Africa,Chad,Meat,Online,L,3/27/2016,108486831,5/12/2016,2519,421.89,364.69,1062740.91,918654.11,144086.80
Sub-Saharan Africa,Guinea,Beverages,Online,M,7/19/2012,532278001,9/6/2012,1744,47.45,31.79,82752.80,55441.76,27311.04
Middle East and North Africa,Qatar,Office Supplies,Online,C,2/21/2014,212473285,3/29/2014,4421,651.21,524.96,2878999.41,2320848.16,558151.25
Europe,San Marino,Snacks,Offline,H,11/1/2011,172559010,11/12/2011,2901,152.58,97.44,442634.58,282673.44,159961.14
Europe,Bulgaria,Baby Food,Offline,C,6/10/2016,606334006,6/27/2016,6561,255.28,159.42,1674892.08,1045954.62,628937.46
Europe,Macedonia,Office Supplies,Offline,H,2/15/2017,427909600,2/26/2017,6815,651.21,524.96,4437996.15,3577602.40,860393.75
Sub-Saharan Africa,South Sudan,Beverages,Online,H,6/22/2015,421709620,7/29/2015,2103,47.45,31.79,99787.35,66854.37,32932.98
Central America and the Caribbean,Trinidad and Tobago,Snacks,Online,C,2/18/2014,992470395,2/18/2014,2900,152.58,97.44,442482.00,282576.00,159906.00
Asia,Sri Lanka,Snacks,Online,L,1/15/2013,815240752,3/6/2013,6710,152.58,97.44,1023811.80,653822.40,369989.40
Europe,Slovakia,Baby Food,Online,H,3/9/2013,885382020,4/21/2013,3070,255.28,159.42,783709.60,489419.40,294290.20
Europe,Moldova ,Snacks,Offline,H,11/3/2012,468568027,11/30/2012,8547,152.58,97.44,1304101.26,832819.68,471281.58
Europe,Portugal,Meat,Offline,M,5/8/2011,250785100,5/21/2011,1739,421.89,364.69,733666.71,634195.91,99470.80
Europe,Switzerland,Cosmetics,Offline,C,11/23/2012,988332068,11/23/2012,8277,437.20,263.33,3618704.40,2179582.41,1439121.99
Europe,Ireland,Clothes,Offline,C,3/1/2015,357820260,3/2/2015,5821,109.28,35.84,636118.88,208624.64,427494.24
Europe,Andorra,Office Supplies,Online,L,2/10/2013,606173503,2/25/2013,9065,651.21,524.96,5903218.65,4758762.40,1144456.25
Europe,Belarus,Beverages,Offline,H,5/4/2010,900628125,5/11/2010,4731,47.45,31.79,224485.95,150398.49,74087.46
Sub-Saharan Africa,Zambia,Fruits,Offline,C,4/19/2015,478732955,5/17/2015,6575,9.33,6.92,61344.75,45499.00,15845.75
Europe,Spain,Beverages,Online,H,10/11/2014,898349320,11/25/2014,382,47.45,31.79,18125.90,12143.78,5982.12
Sub-Saharan Africa,Namibia,Snacks,Online,C,7/29/2015,187651050,8/6/2015,8970,152.58,97.44,1368642.60,874036.80,494605.80
Central America and the Caribbean,The Bahamas,Office Supplies,Online,C,5/25/2010,495124471,7/3/2010,7188,651.21,524.96,4680897.48,3773412.48,907485.00
Sub-Saharan Africa,Democratic Republic of the Congo,Vegetables,Offline,M,12/17/2011,439568412,1/26/2012,6916,154.06,90.93,1065478.96,628871.88,436607.08
Middle East and North Africa,United Arab Emirates,Snacks,Online,C,4/25/2011,960094201,5/24/2011,2064,152.58,97.44,314925.12,201116.16,113808.96
Europe,Spain,Office Supplies,Online,L,12/10/2011,366125667,12/25/2011,3576,651.21,524.96,2328726.96,1877256.96,451470.00
Sub-Saharan Africa,Angola,Cosmetics,Online,L,10/24/2010,187399137,11/10/2010,4424,437.20,263.33,1934172.80,1164971.92,769200.88
Europe,France,Personal Care,Offline,C,4/28/2017,223963439,6/10/2017,4613,81.73,56.67,377020.49,261418.71,115601.78
Asia,Kyrgyzstan,Personal Care,Offline,H,8/23/2011,796179902,9/6/2011,6181,81.73,56.67,505173.13,350277.27,154895.86
Sub-Saharan Africa,Cameroon,Fruits,Online,H,8/26/2016,494722354,10/7/2016,8193,9.33,6.92,76440.69,56695.56,19745.13
Asia,Brunei,Meat,Offline,L,11/15/2010,230577123,1/3/2011,1749,421.89,364.69,737885.61,637842.81,100042.80
Middle East and North Africa,Lebanon,Vegetables,Online,C,7/12/2015,985043036,8/27/2015,4979,154.06,90.93,767064.74,452740.47,314324.27
Europe,Croatia,Office Supplies,Online,H,1/17/2015,659731423,1/24/2015,8044,651.21,524.96,5238333.24,4222778.24,1015555.00
Sub-Saharan Africa,Malawi,Personal Care,Offline,L,11/8/2013,826566112,12/26/2013,8135,81.73,56.67,664873.55,461010.45,203863.10
Asia,Cambodia,Office Supplies,Online,L,6/11/2017,877783429,7/24/2017,4478,651.21,524.96,2916118.38,2350770.88,565347.50
Sub-Saharan Africa,Burkina Faso,Household,Online,L,6/9/2013,275932204,6/15/2013,3326,668.27,502.54,2222666.02,1671448.04,551217.98
Europe,Macedonia,Meat,Online,L,3/31/2013,803873765,4/16/2013,2966,421.89,364.69,1251325.74,1081670.54,169655.20
Middle East and North Africa,Tunisia ,Household,Online,L,5/29/2010,714781939,7/8/2010,8715,668.27,502.54,5823973.05,4379636.10,1444336.95
Asia,Maldives,Vegetables,Online,L,9/2/2014,582143056,9/7/2014,7922,154.06,90.93,1220463.32,720347.46,500115.86
Middle East and North Africa,Kuwait,Snacks,Offline,M,5/7/2010,149755942,6/8/2010,4966,152.58,97.44,757712.28,483887.04,273825.24
Sub-Saharan Africa,Liberia,Fruits,Online,C,2/7/2013,581731927,3/28/2013,6259,9.33,6.92,58396.47,43312.28,15084.19
Europe,Montenegro,Clothes,Online,L,3/4/2013,412494838,3/30/2013,5244,109.28,35.84,573064.32,187944.96,385119.36
Central America and the Caribbean,Guatemala,Vegetables,Offline,H,12/25/2016,496781003,2/10/2017,7393,154.06,90.93,1138965.58,672245.49,466720.09
Middle East and North Africa,Algeria,Cereal,Offline,L,2/10/2013,859639251,3/13/2013,5212,205.70,117.11,1072108.40,610377.32,461731.08
Sub-Saharan Africa,Namibia,Household,Online,C,11/29/2013,246430909,12/12/2013,3237,668.27,502.54,2163189.99,1626721.98,536468.01
Sub-Saharan Africa,Guinea,Baby Food,Offline,M,11/13/2013,172829806,11/28/2013,3035,255.28,159.42,774774.80,483839.70,290935.10
Asia,Bhutan,Clothes,Offline,L,2/9/2016,874822270,3/3/2016,8205,109.28,35.84,896642.40,294067.20,602575.20
Australia and Oceania,New Zealand,Household,Offline,H,6/16/2013,858707129,6/26/2013,9377,668.27,502.54,6266367.79,4712317.58,1554050.21
Australia and Oceania,Kiribati,Cereal,Offline,L,12/16/2014,951095712,1/1/2015,9211,205.70,117.11,1894702.70,1078700.21,816002.49
Central America and the Caribbean,Saint Vincent and the Grenadines,Household,Offline,C,10/15/2011,248911845,10/28/2011,7401,668.27,502.54,4945866.27,3719298.54,1226567.73
Sub-Saharan Africa,Burundi,Clothes,Online,M,4/29/2011,169391858,6/10/2011,5670,109.28,35.84,619617.60,203212.80,416404.80
Asia,Cambodia,Clothes,Offline,H,8/31/2010,400084578,9/30/2010,2772,109.28,35.84,302924.16,99348.48,203575.68
North America,Canada,Household,Online,H,7/14/2015,248851335,7/29/2015,9495,668.27,502.54,6345223.65,4771617.30,1573606.35
Europe,Slovakia,Baby Food,Offline,M,10/15/2013,893865954,11/13/2013,3654,255.28,159.42,932793.12,582520.68,350272.44
Asia,Japan,Personal Care,Offline,L,1/28/2017,433614766,2/9/2017,5100,81.73,56.67,416823.00,289017.00,127806.00
Sub-Saharan Africa,Equatorial Guinea,Meat,Offline,M,8/9/2011,636896598,9/23/2011,711,421.89,364.69,299963.79,259294.59,40669.20
Asia,Brunei,Clothes,Online,M,12/4/2014,192822778,12/24/2014,9400,109.28,35.84,1027232.00,336896.00,690336.00
Sub-Saharan Africa,Cameroon,Cereal,Offline,C,8/5/2011,560817134,8/26/2011,7107,205.70,117.11,1461909.90,832300.77,629609.13
Europe,Slovenia,Vegetables,Offline,H,7/4/2017,120615994,8/14/2017,1808,154.06,90.93,278540.48,164401.44,114139.04
Europe,Vatican City,Fruits,Online,M,7/24/2015,922268187,8/7/2015,8506,9.33,6.92,79360.98,58861.52,20499.46
Sub-Saharan Africa,Lesotho,Office Supplies,Online,M,6/5/2012,136135041,7/13/2012,4239,651.21,524.96,2760479.19,2225305.44,535173.75
Sub-Saharan Africa,Angola,Vegetables,Online,M,1/23/2012,402890384,3/9/2012,3073,154.06,90.93,473426.38,279427.89,193998.49
Europe,Montenegro,Office Supplies,Online,C,11/26/2011,383520543,1/2/2012,1106,651.21,524.96,720238.26,580605.76,139632.50
Sub-Saharan Africa,Lesotho,Fruits,Offline,M,4/3/2014,609324347,5/20/2014,1470,9.33,6.92,13715.10,10172.40,3542.70
Middle East and North Africa,Turkey,Beverages,Offline,M,11/25/2014,331913125,12/21/2014,9324,47.45,31.79,442423.80,296409.96,146013.84
Sub-Saharan Africa,Mauritania,Clothes,Offline,C,6/25/2014,673210704,7/6/2014,6862,109.28,35.84,749879.36,245934.08,503945.28
Europe,Austria,Beverages,Offline,H,9/14/2014,575453412,9/20/2014,8307,47.45,31.79,394167.15,264079.53,130087.62
Australia and Oceania,Australia,Meat,Online,L,7/19/2014,851190078,9/6/2014,4914,421.89,364.69,2073167.46,1792086.66,281080.80
Sub-Saharan Africa,Niger,Office Supplies,Online,M,1/23/2014,133282029,3/6/2014,9969,651.21,524.96,6491912.49,5233326.24,1258586.25
North America,Mexico,Clothes,Offline,H,7/29/2010,724903094,8/25/2010,3789,109.28,35.84,414061.92,135797.76,278264.16
Europe,Netherlands,Cereal,Offline,L,1/18/2010,949539601,1/26/2010,8724,205.70,117.11,1794526.80,1021667.64,772859.16
Europe,France,Office Supplies,Offline,L,9/24/2015,100990378,10/22/2015,4152,651.21,524.96,2703823.92,2179633.92,524190.00
Australia and Oceania,East Timor,Vegetables,Online,H,10/10/2016,693366754,11/23/2016,1485,154.06,90.93,228779.10,135031.05,93748.05
Middle East and North Africa,United Arab Emirates,Office Supplies,Offline,L,10/10/2014,811092555,11/28/2014,9166,651.21,524.96,5968990.86,4811783.36,1157207.50
Europe,Cyprus,Cosmetics,Online,L,5/18/2012,858904111,7/7/2012,7668,437.20,263.33,3352449.60,2019214.44,1333235.16
Europe,Portugal,Cosmetics,Online,C,2/2/2017,411850249,3/18/2017,4496,437.20,263.33,1965651.20,1183931.68,781719.52
Australia and Oceania,Fiji,Household,Online,C,10/4/2014,465292298,11/13/2014,9186,668.27,502.54,6138728.22,4616332.44,1522395.78
Europe,Iceland,Baby Food,Online,M,3/24/2011,284904086,4/28/2011,8305,255.28,159.42,2120100.40,1323983.10,796117.30
Europe,Croatia,Office Supplies,Online,H,5/30/2013,556671941,7/8/2013,453,651.21,524.96,294998.13,237806.88,57191.25
Sub-Saharan Africa,Botswana,Baby Food,Online,H,5/8/2010,236894690,5/10/2010,1258,255.28,159.42,321142.24,200550.36,120591.88
Middle East and North Africa,Yemen,Clothes,Offline,L,11/15/2014,602183663,12/22/2014,8383,109.28,35.84,916094.24,300446.72,615647.52
Europe,Austria,Snacks,Offline,H,5/14/2014,299462687,6/26/2014,6519,152.58,97.44,994669.02,635211.36,359457.66
Sub-Saharan Africa,Niger,Beverages,Offline,H,6/6/2012,295968091,7/11/2012,2390,47.45,31.79,113405.50,75978.10,37427.40
Europe,Kosovo,Baby Food,Offline,M,7/6/2017,729248702,7/19/2017,9751,255.28,159.42,2489235.28,1554504.42,934730.86
Europe,Czech Republic,Clothes,Offline,M,5/29/2016,457165849,7/13/2016,4389,109.28,35.84,479629.92,157301.76,322328.16
Europe,Luxembourg,Beverages,Online,C,11/29/2015,207893359,12/31/2015,9120,47.45,31.79,432744.00,289924.80,142819.20
Europe,Belarus,Baby Food,Online,L,4/21/2016,329917562,6/3/2016,8793,255.28,159.42,2244677.04,1401780.06,842896.98
Asia,Cambodia,Personal Care,Offline,H,2/25/2015,342037284,3/29/2015,5288,81.73,56.67,432188.24,299670.96,132517.28
North America,Canada,Beverages,Offline,M,1/31/2011,283363854,2/18/2011,2516,47.45,31.79,119384.20,79983.64,39400.56
Middle East and North Africa,Afghanistan,Household,Online,C,2/24/2015,263321101,3/4/2015,1420,668.27,502.54,948943.40,713606.80,235336.60
Asia,Myanmar,Snacks,Online,C,9/30/2016,911645352,10/22/2016,4973,152.58,97.44,758780.34,484569.12,274211.22
Australia and Oceania,Palau,Clothes,Online,C,2/17/2010,228385436,3/7/2010,3181,109.28,35.84,347619.68,114007.04,233612.64
Europe,Albania,Meat,Offline,H,5/1/2013,333902680,5/19/2013,8078,421.89,364.69,3408027.42,2945965.82,462061.60
Sub-Saharan Africa,Togo,Cosmetics,Online,H,5/16/2011,718870913,6/16/2011,8733,437.20,263.33,3818067.60,2299660.89,1518406.71
Central America and the Caribbean,Nicaragua,Household,Online,L,1/19/2013,494276463,2/19/2013,6244,668.27,502.54,4172677.88,3137859.76,1034818.12
Central America and the Caribbean,Panama,Beverages,Online,C,11/19/2016,641418159,12/18/2016,8742,47.45,31.79,414807.90,277908.18,136899.72
Australia and Oceania,Palau,Household,Online,H,11/15/2014,861907327,11/15/2014,6386,668.27,502.54,4267572.22,3209220.44,1058351.78
Asia,Mongolia,Clothes,Online,C,6/11/2011,927667796,6/18/2011,6371,109.28,35.84,696222.88,228336.64,467886.24
Europe,Czech Republic,Clothes,Online,C,1/30/2012,230935895,2/26/2012,7918,109.28,35.84,865279.04,283781.12,581497.92
Europe,Moldova ,Fruits,Offline,H,12/27/2011,934260451,1/19/2012,7284,9.33,6.92,67959.72,50405.28,17554.44
Asia,Brunei,Household,Offline,M,12/30/2014,320502793,1/23/2015,2754,668.27,502.54,1840415.58,1383995.16,456420.42
Asia,Philippines,Personal Care,Offline,L,8/25/2014,242836749,10/10/2014,9645,81.73,56.67,788285.85,546582.15,241703.70
Central America and the Caribbean,Cuba,Cosmetics,Offline,C,2/13/2013,374748647,3/2/2013,5307,437.20,263.33,2320220.40,1397492.31,922728.09
Sub-Saharan Africa,The Gambia,Snacks,Offline,L,6/11/2017,460037314,6/17/2017,4119,152.58,97.44,628477.02,401355.36,227121.66
Sub-Saharan Africa,Mozambique,Household,Offline,L,12/28/2012,762814080,2/12/2013,2493,668.27,502.54,1665997.11,1252832.22,413164.89
Europe,France,Snacks,Online,L,9/16/2012,717502772,9/18/2012,3870,152.58,97.44,590484.60,377092.80,213391.80
Sub-Saharan Africa,Malawi,Vegetables,Online,L,6/20/2015,278839719,6/29/2015,3724,154.06,90.93,573719.44,338623.32,235096.12
Asia,Indonesia,Cereal,Offline,L,5/26/2017,371873748,7/4/2017,4561,205.70,117.11,938197.70,534138.71,404058.99
Sub-Saharan Africa,Malawi,Beverages,Online,M,9/21/2015,641966187,10/14/2015,916,47.45,31.79,43464.20,29119.64,14344.56
Middle East and North Africa,Syria,Snacks,Online,H,6/28/2012,804790866,8/3/2012,4356,152.58,97.44,664638.48,424448.64,240189.84
Europe,Kosovo,Fruits,Online,C,10/31/2010,196334111,11/12/2010,8481,9.33,6.92,79127.73,58688.52,20439.21
Central America and the Caribbean,Trinidad and Tobago,Cereal,Online,C,2/23/2011,922894752,3/22/2011,3921,205.70,117.11,806549.70,459188.31,347361.39
Europe,Germany,Household,Offline,H,11/26/2014,211084115,12/11/2014,3335,668.27,502.54,2228680.45,1675970.90,552709.55
Middle East and North Africa,Jordan,Household,Offline,C,4/12/2013,757826030,4/17/2013,6418,668.27,502.54,4288956.86,3225301.72,1063655.14
Sub-Saharan Africa,The Gambia,Vegetables,Online,H,8/26/2013,380356824,9/29/2013,4891,154.06,90.93,753507.46,444738.63,308768.83
Asia,Indonesia,Cereal,Offline,L,2/12/2013,566225326,3/12/2013,7511,205.70,117.11,1545012.70,879613.21,665399.49
Sub-Saharan Africa,Tanzania,Cosmetics,Offline,H,5/26/2017,623292863,6/25/2017,5064,437.20,263.33,2213980.80,1333503.12,880477.68
Central America and the Caribbean,El Salvador,Household,Online,H,5/13/2014,829733264,5/29/2014,5366,668.27,502.54,3585936.82,2696629.64,889307.18
Europe,Bulgaria,Household,Online,H,8/25/2015,184032857,9/25/2015,8267,668.27,502.54,5524588.09,4154498.18,1370089.91
Central America and the Caribbean,Belize,Vegetables,Online,L,1/12/2015,454990470,1/13/2015,646,154.06,90.93,99522.76,58740.78,40781.98
Sub-Saharan Africa,Mauritania,Meat,Online,M,12/6/2014,331717431,12/30/2014,1414,421.89,364.69,596552.46,515671.66,80880.80
Sub-Saharan Africa,Sierra Leone,Baby Food,Offline,C,1/14/2015,373637568,2/12/2015,6514,255.28,159.42,1662893.92,1038461.88,624432.04
Europe,Norway,Personal Care,Online,C,2/9/2016,760487210,2/20/2016,3920,81.73,56.67,320381.60,222146.40,98235.20
Sub-Saharan Africa,Botswana,Cereal,Offline,H,3/6/2016,842315185,3/10/2016,8636,205.70,117.11,1776425.20,1011361.96,765063.24
Europe,Vatican City,Beverages,Offline,H,5/10/2014,489482820,5/15/2014,7699,47.45,31.79,365317.55,244751.21,120566.34
Europe,Lithuania,Beverages,Online,C,8/2/2014,542663943,9/20/2014,5175,47.45,31.79,245553.75,164513.25,81040.50
Central America and the Caribbean,Dominican Republic,Fruits,Offline,L,4/27/2014,562844884,5/30/2014,7164,9.33,6.92,66840.12,49574.88,17265.24
Sub-Saharan Africa,Ethiopia,Office Supplies,Online,H,11/7/2015,181324470,12/22/2015,6795,651.21,524.96,4424971.95,3567103.20,857868.75
Europe,Montenegro,Clothes,Offline,H,12/18/2014,449714028,1/20/2015,9229,109.28,35.84,1008545.12,330767.36,677777.76
Central America and the Caribbean,Honduras,Personal Care,Online,L,4/21/2012,689937388,5/27/2012,6660,81.73,56.67,544321.80,377422.20,166899.60
Asia,Turkmenistan,Snacks,Online,H,2/23/2017,744230878,2/27/2017,3310,152.58,97.44,505039.80,322526.40,182513.40
Middle East and North Africa,Lebanon,Clothes,Offline,L,5/1/2013,525143325,5/30/2013,435,109.28,35.84,47536.80,15590.40,31946.40
Australia and Oceania,New Zealand,Cosmetics,Online,L,1/19/2016,465536057,2/1/2016,1319,437.20,263.33,576666.80,347332.27,229334.53
Sub-Saharan Africa,Zimbabwe,Fruits,Online,C,1/20/2015,168582904,3/7/2015,6282,9.33,6.92,58611.06,43471.44,15139.62
Europe,San Marino,Personal Care,Offline,M,4/23/2016,657770192,5/26/2016,7672,81.73,56.67,627032.56,434772.24,192260.32
Europe,Montenegro,Cereal,Offline,L,6/28/2015,326896750,7/15/2015,4868,205.70,117.11,1001347.60,570091.48,431256.12
Europe,Slovenia,Vegetables,Offline,L,11/24/2016,790073907,11/28/2016,9281,154.06,90.93,1429830.86,843921.33,585909.53
Sub-Saharan Africa,Chad,Cereal,Offline,M,7/20/2014,131725490,8/27/2014,9354,205.70,117.11,1924117.80,1095446.94,828670.86
Asia,Kazakhstan,Household,Offline,C,2/5/2011,556587827,3/4/2011,5561,668.27,502.54,3716249.47,2794624.94,921624.53
Sub-Saharan Africa,South Africa,Clothes,Online,M,1/15/2014,739709746,1/30/2014,5407,109.28,35.84,590876.96,193786.88,397090.08
Europe,Montenegro,Meat,Online,C,10/20/2016,776452577,11/3/2016,8427,421.89,364.69,3555267.03,3073242.63,482024.40
Europe,Ireland,Office Supplies,Online,C,2/1/2010,832490146,2/21/2010,1189,651.21,524.96,774288.69,624177.44,150111.25
Middle East and North Africa,Qatar,Meat,Offline,H,12/11/2015,693808782,1/23/2016,2291,421.89,364.69,966549.99,835504.79,131045.20
Sub-Saharan Africa,Uganda,Baby Food,Online,L,11/6/2015,216707313,12/9/2015,7364,255.28,159.42,1879881.92,1173968.88,705913.04
Middle East and North Africa,Morocco,Beverages,Offline,C,1/20/2015,677797067,1/21/2015,4069,47.45,31.79,193074.05,129353.51,63720.54
Europe,Greece,Vegetables,Online,L,2/4/2016,724001872,3/24/2016,7098,154.06,90.93,1093517.88,645421.14,448096.74
Europe,Netherlands,Cereal,Online,M,12/29/2014,422558057,2/7/2015,3174,205.70,117.11,652891.80,371707.14,281184.66
Australia and Oceania,Kiribati,Baby Food,Offline,M,8/17/2012,811014449,9/12/2012,6053,255.28,159.42,1545209.84,964969.26,580240.58
Middle East and North Africa,Oman,Clothes,Offline,H,12/10/2010,747232377,1/1/2011,1520,109.28,35.84,166105.60,54476.80,111628.80
Asia,North Korea,Cosmetics,Online,M,9/20/2016,959385669,10/23/2016,2394,437.20,263.33,1046656.80,630412.02,416244.78
Asia,Nepal,Clothes,Online,C,2/10/2015,895960652,3/7/2015,3522,109.28,35.84,384884.16,126228.48,258655.68
Europe,Ireland,Baby Food,Offline,C,3/31/2011,975756156,4/3/2011,6785,255.28,159.42,1732074.80,1081664.70,650410.10
Sub-Saharan Africa,Seychelles ,Vegetables,Offline,H,4/29/2011,337883508,6/4/2011,6093,154.06,90.93,938687.58,554036.49,384651.09
Sub-Saharan Africa,Senegal,Cosmetics,Online,L,4/4/2011,891766536,5/5/2011,2390,437.20,263.33,1044908.00,629358.70,415549.30
Central America and the Caribbean,Cuba,Household,Offline,M,8/2/2015,567141568,8/8/2015,8648,668.27,502.54,5779198.96,4345965.92,1433233.04
Central America and the Caribbean,Saint Lucia,Cosmetics,Offline,H,12/26/2010,964057433,1/17/2011,4873,437.20,263.33,2130475.60,1283207.09,847268.51
North America,United States of America,Household,Online,L,7/1/2015,602875459,8/20/2015,3100,668.27,502.54,2071637.00,1557874.00,513763.00
Middle East and North Africa,Iran,Vegetables,Offline,L,2/18/2014,774269473,4/8/2014,2398,154.06,90.93,369435.88,218050.14,151385.74
Europe,Croatia,Cereal,Online,C,9/15/2015,589225804,10/27/2015,3864,205.70,117.11,794824.80,452513.04,342311.76
Asia,Thailand,Clothes,Offline,H,2/22/2011,129043281,4/5/2011,5629,109.28,35.84,615137.12,201743.36,413393.76
Sub-Saharan Africa,Burundi,Cosmetics,Offline,L,3/5/2015,895333230,3/26/2015,7854,437.20,263.33,3433768.80,2068193.82,1365574.98
Europe,Malta,Cosmetics,Online,M,1/27/2017,860019481,3/14/2017,7731,437.20,263.33,3379993.20,2035804.23,1344188.97
Sub-Saharan Africa,Central African Republic,Cosmetics,Offline,M,10/6/2014,315338361,11/15/2014,4483,437.20,263.33,1959967.60,1180508.39,779459.21
Middle East and North Africa,Somalia,Baby Food,Online,C,1/3/2011,523838698,1/21/2011,4367,255.28,159.42,1114807.76,696187.14,418620.62
Sub-Saharan Africa,Botswana,Baby Food,Offline,M,3/21/2017,568381822,3/30/2017,5667,255.28,159.42,1446671.76,903433.14,543238.62
Asia,Bangladesh,Household,Online,C,10/17/2011,502141559,11/15/2011,3701,668.27,502.54,2473267.27,1859900.54,613366.73
Asia,Vietnam,Fruits,Offline,M,1/18/2012,898604238,1/24/2012,5818,9.33,6.92,54281.94,40260.56,14021.38
Europe,Kosovo,Cereal,Online,M,6/10/2017,601568686,6/19/2017,6397,205.70,117.11,1315862.90,749152.67,566710.23
Australia and Oceania,Australia,Vegetables,Online,C,5/8/2013,775146234,5/28/2013,1851,154.06,90.93,285165.06,168311.43,116853.63
Europe,Cyprus,Cereal,Online,H,9/21/2012,853760707,9/27/2012,5620,205.70,117.11,1156034.00,658158.20,497875.80
Asia,South Korea,Office Supplies,Offline,M,6/3/2014,792148435,6/3/2014,3180,651.21,524.96,2070847.80,1669372.80,401475.00
Australia and Oceania,Solomon Islands,Fruits,Online,C,8/3/2014,615358245,8/28/2014,7034,9.33,6.92,65627.22,48675.28,16951.94
Sub-Saharan Africa,Rwanda,Office Supplies,Offline,C,6/7/2010,868751466,6/19/2010,1719,651.21,524.96,1119429.99,902406.24,217023.75
Sub-Saharan Africa,Lesotho,Clothes,Offline,M,8/2/2011,368001925,9/7/2011,8802,109.28,35.84,961882.56,315463.68,646418.88
Sub-Saharan Africa,Nigeria,Baby Food,Online,L,8/8/2013,249095952,9/7/2013,1883,255.28,159.42,480692.24,300187.86,180504.38
Europe,Macedonia,Clothes,Offline,H,11/18/2016,818332374,12/9/2016,1589,109.28,35.84,173645.92,56949.76,116696.16
Sub-Saharan Africa,Nigeria,Meat,Online,C,4/28/2015,202322518,6/11/2015,584,421.89,364.69,246383.76,212978.96,33404.80
Sub-Saharan Africa,Malawi,Snacks,Online,M,3/30/2015,197990214,4/24/2015,8559,152.58,97.44,1305932.22,833988.96,471943.26
Sub-Saharan Africa,Tanzania,Cereal,Online,H,6/14/2016,422571790,6/17/2016,7238,205.70,117.11,1488856.60,847642.18,641214.42
Asia,Sri Lanka,Household,Offline,H,1/17/2016,563616073,1/22/2016,5376,668.27,502.54,3592619.52,2701655.04,890964.48
Europe,Croatia,Clothes,Online,M,3/3/2012,828984391,3/25/2012,3758,109.28,35.84,410674.24,134686.72,275987.52
Sub-Saharan Africa,Guinea,Meat,Offline,H,5/31/2015,596850574,7/2/2015,203,421.89,364.69,85643.67,74032.07,11611.60
Central America and the Caribbean,Saint Kitts and Nevis ,Baby Food,Online,C,9/10/2014,665700948,10/7/2014,4559,255.28,159.42,1163821.52,726795.78,437025.74
Europe,Portugal,Office Supplies,Offline,H,5/13/2011,104334342,6/19/2011,3705,651.21,524.96,2412733.05,1944976.80,467756.25
Sub-Saharan Africa,Burkina Faso,Office Supplies,Online,C,5/30/2015,301862084,6/4/2015,6554,651.21,524.96,4268030.34,3440587.84,827442.50
Asia,Singapore,Cereal,Offline,H,5/19/2011,917708003,6/2/2011,9046,205.70,117.11,1860762.20,1059377.06,801385.14
Europe,Russia,Baby Food,Offline,H,3/7/2015,331608426,3/16/2015,9157,255.28,159.42,2337598.96,1459808.94,877790.02
Sub-Saharan Africa,Sudan,Cereal,Offline,H,4/9/2017,593612182,5/1/2017,1891,205.70,117.11,388978.70,221455.01,167523.69
Europe,Denmark,Clothes,Online,H,10/3/2016,674080598,10/4/2016,4283,109.28,35.84,468046.24,153502.72,314543.52
Middle East and North Africa,Morocco,Household,Online,C,1/5/2010,513687503,2/4/2010,402,668.27,502.54,268644.54,202021.08,66623.46
Sub-Saharan Africa,Malawi,Cosmetics,Offline,M,3/17/2017,573419225,3/25/2017,6346,437.20,263.33,2774471.20,1671092.18,1103379.02
Sub-Saharan Africa,Guinea-Bissau,Snacks,Offline,H,5/6/2010,484574592,5/26/2010,5245,152.58,97.44,800282.10,511072.80,289209.30
Sub-Saharan Africa,Cameroon,Snacks,Offline,M,7/3/2015,398764932,7/20/2015,2260,152.58,97.44,344830.80,220214.40,124616.40
Europe,Slovenia,Meat,Online,C,8/8/2010,537914073,9/15/2010,9583,421.89,364.69,4042971.87,3494824.27,548147.60
Asia,Indonesia,Snacks,Offline,M,6/29/2012,744258344,7/30/2012,1438,152.58,97.44,219410.04,140118.72,79291.32
North America,Mexico,Cereal,Offline,H,8/3/2012,930346572,9/11/2012,9080,205.70,117.11,1867756.00,1063358.80,804397.20
Middle East and North Africa,Afghanistan,Cereal,Online,M,12/8/2010,629040086,12/20/2010,5795,205.70,117.11,1192031.50,678652.45,513379.05
Europe,Germany,Snacks,Online,L,6/7/2012,343512713,7/21/2012,1900,152.58,97.44,289902.00,185136.00,104766.00
Central America and the Caribbean,Costa Rica,Cosmetics,Offline,L,6/22/2015,197250783,7/29/2015,9745,437.20,263.33,4260514.00,2566150.85,1694363.15
Central America and the Caribbean,Grenada,Beverages,Online,H,9/22/2015,384053122,10/26/2015,8708,47.45,31.79,413194.60,276827.32,136367.28
Asia,Tajikistan,Personal Care,Online,M,6/30/2017,718031060,8/12/2017,202,81.73,56.67,16509.46,11447.34,5062.12
Middle East and North Africa,Libya,Beverages,Online,L,10/19/2014,183608424,10/25/2014,2668,47.45,31.79,126596.60,84815.72,41780.88
Sub-Saharan Africa,Niger,Office Supplies,Offline,H,4/16/2010,985521543,5/18/2010,6580,651.21,524.96,4284961.80,3454236.80,830725.00
Europe,France,Personal Care,Online,H,6/19/2011,898819243,7/5/2011,9443,81.73,56.67,771776.39,535134.81,236641.58
Asia,Brunei,Personal Care,Online,H,10/2/2011,918862855,10/19/2011,793,81.73,56.67,64811.89,44939.31,19872.58
Europe,Poland,Baby Food,Online,L,12/28/2016,311326205,1/30/2017,7197,255.28,159.42,1837250.16,1147345.74,689904.42
Middle East and North Africa,Libya,Clothes,Offline,M,5/19/2011,662195622,6/13/2011,7255,109.28,35.84,792826.40,260019.20,532807.20
Middle East and North Africa,Kuwait,Fruits,Offline,M,4/1/2014,927769935,5/12/2014,6596,9.33,6.92,61540.68,45644.32,15896.36
Middle East and North Africa,Qatar,Vegetables,Offline,H,9/17/2015,584660470,10/31/2015,2880,154.06,90.93,443692.80,261878.40,181814.40
Europe,Sweden,Cereal,Offline,L,9/21/2010,979791057,10/24/2010,802,205.70,117.11,164971.40,93922.22,71049.18
Asia,Taiwan,Office Supplies,Online,H,6/16/2010,380398023,7/9/2010,7083,651.21,524.96,4612520.43,3718291.68,894228.75
North America,United States of America,Cosmetics,Offline,L,10/16/2015,724030196,11/2/2015,5479,437.20,263.33,2395418.80,1442785.07,952633.73
Middle East and North Africa,Iran,Baby Food,Online,H,7/8/2013,868548905,8/6/2013,1777,255.28,159.42,453632.56,283289.34,170343.22
Sub-Saharan Africa,The Gambia,Household,Offline,C,6/7/2010,642127978,6/19/2010,8793,668.27,502.54,5876098.11,4418834.22,1457263.89
Australia and Oceania,Nauru,Household,Online,M,5/23/2014,393253743,6/28/2014,1376,668.27,502.54,919539.52,691495.04,228044.48
Sub-Saharan Africa,Mali,Personal Care,Offline,H,5/20/2015,540725028,5/22/2015,1407,81.73,56.67,114994.11,79734.69,35259.42
Middle East and North Africa,Turkey,Snacks,Offline,H,1/15/2012,223653161,2/16/2012,2795,152.58,97.44,426461.10,272344.80,154116.30
Central America and the Caribbean,Jamaica,Clothes,Online,M,5/30/2015,451461970,6/30/2015,6484,109.28,35.84,708571.52,232386.56,476184.96
Asia,Turkmenistan,Household,Offline,H,11/23/2014,953887784,12/11/2014,5448,668.27,502.54,3640734.96,2737837.92,902897.04
Europe,Italy,Clothes,Online,C,4/25/2012,630979430,4/29/2012,9690,109.28,35.84,1058923.20,347289.60,711633.60
Sub-Saharan Africa,Sudan,Baby Food,Online,H,7/24/2010,703098237,8/2/2010,1248,255.28,159.42,318589.44,198956.16,119633.28
Europe,Ukraine,Clothes,Online,H,5/15/2017,660918033,6/28/2017,9188,109.28,35.84,1004064.64,329297.92,674766.72
Asia,South Korea,Household,Online,M,4/4/2011,515425145,5/5/2011,4609,668.27,502.54,3080056.43,2316206.86,763849.57
Sub-Saharan Africa,Burundi,Clothes,Offline,C,6/13/2013,347918403,7/15/2013,5642,109.28,35.84,616557.76,202209.28,414348.48
Europe,Poland,Snacks,Offline,M,12/13/2015,760009133,1/3/2016,2446,152.58,97.44,373210.68,238338.24,134872.44
Sub-Saharan Africa,Namibia,Household,Online,H,8/10/2015,623621165,8/21/2015,2216,668.27,502.54,1480886.32,1113628.64,367257.68
Asia,Uzbekistan,Snacks,Offline,M,5/6/2010,230990827,6/5/2010,4174,152.58,97.44,636868.92,406714.56,230154.36
Asia,Taiwan,Baby Food,Online,H,7/3/2010,844666945,8/13/2010,4574,255.28,159.42,1167650.72,729187.08,438463.64
Europe,Kosovo,Meat,Online,L,5/5/2012,647510850,5/27/2012,1704,421.89,364.69,718900.56,621431.76,97468.80
Australia and Oceania,Samoa ,Beverages,Offline,M,12/24/2016,592696368,2/2/2017,881,47.45,31.79,41803.45,28006.99,13796.46
Sub-Saharan Africa,Guinea,Office Supplies,Offline,H,6/12/2011,353709828,7/6/2011,9453,651.21,524.96,6155888.13,4962446.88,1193441.25
Asia,Maldives,Meat,Offline,L,5/4/2010,574350059,6/14/2010,1801,421.89,364.69,759823.89,656806.69,103017.20
Asia,Mongolia,Cosmetics,Offline,H,3/9/2014,618728387,3/31/2014,4334,437.20,263.33,1894824.80,1141272.22,753552.58
Europe,Germany,Personal Care,Offline,C,3/17/2013,821268641,4/24/2013,496,81.73,56.67,40538.08,28108.32,12429.76
Europe,Iceland,Clothes,Offline,M,11/6/2013,236707150,11/26/2013,5761,109.28,35.84,629562.08,206474.24,423087.84
Australia and Oceania,Tonga,Personal Care,Online,M,3/31/2012,690092742,5/9/2012,2633,81.73,56.67,215195.09,149212.11,65982.98
Australia and Oceania,Marshall Islands,Cereal,Offline,C,3/9/2013,926786744,4/7/2013,5648,205.70,117.11,1161793.60,661437.28,500356.32
Europe,Kosovo,Beverages,Online,L,2/26/2011,662462985,3/11/2011,6374,47.45,31.79,302446.30,202629.46,99816.84
Europe,France,Snacks,Offline,L,11/5/2016,133107793,12/1/2016,8409,152.58,97.44,1283045.22,819372.96,463672.26
Middle East and North Africa,Somalia,Meat,Online,L,7/9/2015,545019996,8/21/2015,2383,421.89,364.69,1005363.87,869056.27,136307.60
Europe,Ireland,Office Supplies,Online,C,3/19/2016,924810922,5/8/2016,958,651.21,524.96,623859.18,502911.68,120947.50
Europe,Romania,Cosmetics,Online,C,2/9/2010,369404399,3/4/2010,3825,437.20,263.33,1672290.00,1007237.25,665052.75
Asia,Philippines,Cereal,Online,M,2/26/2012,296036756,2/26/2012,2709,205.70,117.11,557241.30,317250.99,239990.31
Middle East and North Africa,Tunisia ,Office Supplies,Offline,H,11/14/2011,392256820,11/24/2011,6365,651.21,524.96,4144951.65,3341370.40,803581.25
Sub-Saharan Africa,Madagascar,Meat,Offline,H,12/26/2014,865925920,2/7/2015,5577,421.89,364.69,2352880.53,2033876.13,319004.40
Asia,Bhutan,Personal Care,Offline,L,12/6/2016,195217883,12/31/2016,8165,81.73,56.67,667325.45,462710.55,204614.90
Asia,Indonesia,Personal Care,Offline,H,3/17/2014,978619039,3/18/2014,3975,81.73,56.67,324876.75,225263.25,99613.50
Europe,Macedonia,Personal Care,Online,H,9/27/2015,484928214,11/16/2015,9890,81.73,56.67,808309.70,560466.30,247843.40
Central America and the Caribbean,Grenada,Meat,Offline,L,5/11/2016,103256738,5/26/2016,4818,421.89,364.69,2032666.02,1757076.42,275589.60
Europe,Lithuania,Vegetables,Offline,L,10/9/2015,393028438,11/7/2015,4704,154.06,90.93,724698.24,427734.72,296963.52
Central America and the Caribbean,The Bahamas,Personal Care,Online,M,9/22/2014,633979642,10/27/2014,7519,81.73,56.67,614527.87,426101.73,188426.14
Middle East and North Africa,Algeria,Fruits,Online,L,4/7/2011,176159179,4/25/2011,8270,9.33,6.92,77159.10,57228.40,19930.70
Middle East and North Africa,Kuwait,Household,Online,M,1/22/2012,689928376,2/16/2012,3993,668.27,502.54,2668402.11,2006642.22,661759.89
Asia,Maldives,Personal Care,Online,H,6/27/2013,315961062,8/6/2013,8755,81.73,56.67,715546.15,496145.85,219400.30
Asia,Maldives,Vegetables,Online,L,12/30/2012,415243566,1/10/2013,8654,154.06,90.93,1333235.24,786908.22,546327.02
Sub-Saharan Africa,Seychelles ,Meat,Offline,M,11/19/2012,619074714,12/14/2012,6820,421.89,364.69,2877289.80,2487185.80,390104.00
Australia and Oceania,Vanuatu,Cosmetics,Offline,L,7/6/2016,179065835,8/6/2016,8415,437.20,263.33,3679038.00,2215921.95,1463116.05
Europe,Moldova ,Household,Online,M,12/11/2016,217140758,12/28/2016,5630,668.27,502.54,3762360.10,2829300.20,933059.90
Asia,Bangladesh,Cereal,Online,C,11/20/2015,575535809,12/26/2015,2691,205.70,117.11,553538.70,315143.01,238395.69
Australia and Oceania,Federated States of Micronesia,Household,Offline,C,4/27/2012,266799819,5/23/2012,850,668.27,502.54,568029.50,427159.00,140870.50
Europe,Latvia,Cosmetics,Online,M,11/14/2013,623794114,12/24/2013,3395,437.20,263.33,1484294.00,894005.35,590288.65
Sub-Saharan Africa,Senegal,Clothes,Offline,C,4/15/2010,349692523,5/4/2010,643,109.28,35.84,70267.04,23045.12,47221.92
Sub-Saharan Africa,Djibouti,Baby Food,Online,C,2/9/2015,467981374,2/27/2015,4943,255.28,159.42,1261849.04,788013.06,473835.98
Sub-Saharan Africa,Mozambique,Beverages,Online,C,6/6/2016,272459495,7/5/2016,5674,47.45,31.79,269231.30,180376.46,88854.84
Sub-Saharan Africa,Mauritania,Baby Food,Offline,M,12/29/2010,477238214,1/7/2011,4248,255.28,159.42,1084429.44,677216.16,407213.28
Sub-Saharan Africa,Guinea-Bissau,Baby Food,Online,C,7/10/2015,966741359,7/12/2015,9106,255.28,159.42,2324579.68,1451678.52,872901.16
Sub-Saharan Africa,Burundi,Vegetables,Offline,H,7/11/2017,345705258,7/26/2017,723,154.06,90.93,111385.38,65742.39,45642.99
Sub-Saharan Africa,Swaziland,Meat,Online,M,12/7/2016,889178740,1/20/2017,6604,421.89,364.69,2786161.56,2408412.76,377748.80
Central America and the Caribbean,Saint Lucia,Snacks,Online,C,9/29/2014,892523133,11/16/2014,6284,152.58,97.44,958812.72,612312.96,346499.76
Central America and the Caribbean,Dominica,Household,Online,L,10/17/2016,521412265,11/11/2016,6331,668.27,502.54,4230817.37,3181580.74,1049236.63
Middle East and North Africa,Tunisia ,Fruits,Offline,H,11/10/2014,461832463,12/15/2014,5344,9.33,6.92,49859.52,36980.48,12879.04
Central America and the Caribbean,Antigua and Barbuda ,Household,Online,L,2/13/2013,570082557,3/12/2013,8952,668.27,502.54,5982353.04,4498738.08,1483614.96
Europe,Belgium,Beverages,Online,C,11/2/2016,322773873,11/15/2016,4817,47.45,31.79,228566.65,153132.43,75434.22
Sub-Saharan Africa,Chad,Cereal,Online,H,5/25/2013,166830241,7/9/2013,7631,205.70,117.11,1569696.70,893666.41,676030.29
Sub-Saharan Africa,Rwanda,Baby Food,Online,H,12/20/2013,169487988,1/24/2014,4117,255.28,159.42,1050987.76,656332.14,394655.62
Middle East and North Africa,Oman,Meat,Offline,M,11/8/2011,468295943,12/14/2011,8031,421.89,364.69,3388198.59,2928825.39,459373.20
Middle East and North Africa,Jordan,Office Supplies,Online,M,7/27/2016,821115434,8/9/2016,5159,651.21,524.96,3359592.39,2708268.64,651323.75
Europe,United Kingdom,Vegetables,Online,H,3/10/2012,156120288,3/30/2012,8317,154.06,90.93,1281317.02,756264.81,525052.21
Sub-Saharan Africa,South Sudan,Clothes,Offline,H,2/22/2014,621796834,3/18/2014,2356,109.28,35.84,257463.68,84439.04,173024.64
Europe,Belarus,Office Supplies,Online,C,6/3/2012,836943900,7/3/2012,9154,651.21,524.96,5961176.34,4805483.84,1155692.50
Sub-Saharan Africa,Republic of the Congo,Meat,Offline,M,3/24/2013,840672814,3/29/2013,2622,421.89,364.69,1106195.58,956217.18,149978.40
Europe,Poland,Household,Online,L,6/18/2012,742407405,6/26/2012,3704,668.27,502.54,2475272.08,1861408.16,613863.92
Sub-Saharan Africa,Ethiopia,Snacks,Online,H,9/4/2014,271884000,9/13/2014,5372,152.58,97.44,819659.76,523447.68,296212.08
Middle East and North Africa,Jordan,Meat,Offline,C,2/12/2014,129151427,2/26/2014,7632,421.89,364.69,3219864.48,2783314.08,436550.40
Europe,Armenia,Personal Care,Offline,H,9/2/2013,634571015,10/20/2013,2520,81.73,56.67,205959.60,142808.40,63151.20
Sub-Saharan Africa,Zimbabwe,Fruits,Offline,H,7/4/2013,378816592,7/22/2013,9103,9.33,6.92,84930.99,62992.76,21938.23
Sub-Saharan Africa,Sierra Leone,Office Supplies,Online,M,11/9/2014,272874486,12/27/2014,8479,651.21,524.96,5521609.59,4451135.84,1070473.75
Europe,Bosnia and Herzegovina,Baby Food,Offline,C,3/24/2016,398043525,5/13/2016,8779,255.28,159.42,2241103.12,1399548.18,841554.94
Europe,Belgium,Clothes,Online,M,3/12/2017,455935037,4/29/2017,164,109.28,35.84,17921.92,5877.76,12044.16
Europe,Belarus,Office Supplies,Online,H,8/12/2014,218472850,8/17/2014,9826,651.21,524.96,6398789.46,5158256.96,1240532.50
Central America and the Caribbean,Panama,Household,Online,L,12/21/2013,877893292,2/8/2014,6989,668.27,502.54,4670539.03,3512252.06,1158286.97
Asia,North Korea,Cereal,Offline,L,6/21/2010,996745193,8/3/2010,7907,205.70,117.11,1626469.90,925988.77,700481.13
Middle East and North Africa,Egypt,Cosmetics,Online,M,7/7/2015,557889878,7/21/2015,867,437.20,263.33,379052.40,228307.11,150745.29
Asia,Bhutan,Vegetables,Online,H,1/26/2015,514501178,2/25/2015,1187,154.06,90.93,182869.22,107933.91,74935.31
Europe,Portugal,Snacks,Offline,H,4/26/2011,540065419,5/15/2011,6214,152.58,97.44,948132.12,605492.16,342639.96
Sub-Saharan Africa,Niger,Cereal,Offline,C,4/14/2011,378381431,4/14/2011,329,205.70,117.11,67675.30,38529.19,29146.11
Europe,Bosnia and Herzegovina,Cosmetics,Online,C,6/29/2015,293560540,7/2/2015,9942,437.20,263.33,4346642.40,2618026.86,1728615.54
Europe,Poland,Fruits,Offline,C,3/2/2014,620026576,4/20/2014,8497,9.33,6.92,79277.01,58799.24,20477.77
Sub-Saharan Africa,Gabon,Cosmetics,Online,C,10/1/2013,412515866,10/18/2013,1467,437.20,263.33,641372.40,386305.11,255067.29
Asia,South Korea,Cosmetics,Offline,H,5/20/2010,596077239,6/20/2010,1356,437.20,263.33,592843.20,357075.48,235767.72
Asia,Sri Lanka,Beverages,Online,H,6/1/2016,816072022,6/25/2016,2701,47.45,31.79,128162.45,85864.79,42297.66
Asia,South Korea,Fruits,Offline,M,3/13/2011,788174045,3/31/2011,7070,9.33,6.92,65963.10,48924.40,17038.70
Australia and Oceania,Australia,Beverages,Offline,C,12/27/2012,748369634,12/27/2012,8060,47.45,31.79,382447.00,256227.40,126219.60
Asia,Thailand,Meat,Online,M,8/18/2014,102957618,9/30/2014,6302,421.89,364.69,2658750.78,2298276.38,360474.40
Australia and Oceania,Tonga,Personal Care,Offline,H,1/3/2010,578549325,2/6/2010,4457,81.73,56.67,364270.61,252578.19,111692.42
Middle East and North Africa,Lebanon,Clothes,Offline,C,1/7/2013,372068583,2/25/2013,2217,109.28,35.84,242273.76,79457.28,162816.48
Europe,Greece,Cosmetics,Offline,C,11/25/2015,900751721,12/22/2015,1306,437.20,263.33,570983.20,343908.98,227074.22
Europe,Norway,Office Supplies,Offline,M,9/29/2015,952147567,11/12/2015,479,651.21,524.96,311929.59,251455.84,60473.75
Europe,Finland,Meat,Offline,H,9/13/2010,734117448,10/24/2010,521,421.89,364.69,219804.69,190003.49,29801.20
Europe,Bosnia and Herzegovina,Snacks,Offline,M,5/9/2011,524835193,6/25/2011,9251,152.58,97.44,1411517.58,901417.44,510100.14
Europe,Slovakia,Fruits,Online,M,3/14/2014,222787129,3/17/2014,6517,9.33,6.92,60803.61,45097.64,15705.97
Europe,Montenegro,Baby Food,Online,M,1/5/2013,696772086,2/15/2013,9199,255.28,159.42,2348320.72,1466504.58,881816.14
Central America and the Caribbean,Dominican Republic,Snacks,Offline,L,3/19/2010,635901391,3/21/2010,6208,152.58,97.44,947216.64,604907.52,342309.12
Sub-Saharan Africa,Guinea-Bissau,Clothes,Offline,L,1/22/2013,599598872,2/12/2013,3486,109.28,35.84,380950.08,124938.24,256011.84
Sub-Saharan Africa,Chad,Office Supplies,Offline,H,9/30/2014,767600858,11/9/2014,9006,651.21,524.96,5864797.26,4727789.76,1137007.50
Europe,Slovakia,Personal Care,Online,H,4/20/2013,489956176,6/2/2013,7775,81.73,56.67,635450.75,440609.25,194841.50
Asia,Thailand,Clothes,Online,H,5/28/2015,537026154,6/24/2015,6828,109.28,35.84,746163.84,244715.52,501448.32
Asia,Brunei,Clothes,Offline,C,6/7/2017,849484622,7/5/2017,232,109.28,35.84,25352.96,8314.88,17038.08
Europe,Macedonia,Clothes,Online,M,10/31/2016,988317906,12/12/2016,4086,109.28,35.84,446518.08,146442.24,300075.84
Asia,Brunei,Fruits,Offline,H,11/25/2015,584824836,12/1/2015,1520,9.33,6.92,14181.60,10518.40,3663.20
Europe,Greece,Personal Care,Online,M,6/4/2010,690616738,6/26/2010,7695,81.73,56.67,628912.35,436075.65,192836.70
Europe,Malta,Baby Food,Offline,H,3/9/2016,627617442,4/4/2016,4803,255.28,159.42,1226109.84,765694.26,460415.58
Asia,India,Meat,Offline,C,3/6/2012,238063275,3/24/2012,7068,421.89,364.69,2981918.52,2577628.92,404289.60
Europe,Macedonia,Office Supplies,Offline,C,7/11/2012,334503066,8/21/2012,5745,651.21,524.96,3741201.45,3015895.20,725306.25
Sub-Saharan Africa,Comoros,Office Supplies,Online,L,4/11/2017,449798142,5/26/2017,4121,651.21,524.96,2683636.41,2163360.16,520276.25
Europe,Malta,Clothes,Online,M,3/8/2016,187122333,3/30/2016,2511,109.28,35.84,274402.08,89994.24,184407.84
Australia and Oceania,Nauru,Baby Food,Online,C,3/20/2015,569961965,4/16/2015,3266,255.28,159.42,833744.48,520665.72,313078.76
Asia,Sri Lanka,Cereal,Online,C,1/15/2010,892115867,1/17/2010,5765,205.70,117.11,1185860.50,675139.15,510721.35
Central America and the Caribbean,Barbados,Personal Care,Online,L,7/14/2012,967695367,7/18/2012,1418,81.73,56.67,115893.14,80358.06,35535.08
Europe,Lithuania,Fruits,Online,L,9/19/2016,681124293,10/15/2016,8669,9.33,6.92,80881.77,59989.48,20892.29
Central America and the Caribbean,El Salvador,Office Supplies,Offline,H,2/3/2010,437138974,3/1/2010,7992,651.21,524.96,5204470.32,4195480.32,1008990.00
Europe,Slovakia,Household,Offline,C,4/22/2015,710788238,4/22/2015,6890,668.27,502.54,4604380.30,3462500.60,1141879.70
Europe,Estonia,Fruits,Online,C,8/21/2010,697433412,8/28/2010,4900,9.33,6.92,45717.00,33908.00,11809.00
Sub-Saharan Africa,Lesotho,Household,Online,H,1/27/2017,562748324,3/13/2017,8590,668.27,502.54,5740439.30,4316818.60,1423620.70
Europe,Georgia,Beverages,Offline,C,3/29/2011,992719304,4/21/2011,6557,47.45,31.79,311129.65,208447.03,102682.62
Australia and Oceania,Papua New Guinea,Fruits,Online,H,6/20/2012,943645179,7/31/2012,4433,9.33,6.92,41359.89,30676.36,10683.53
Europe,Montenegro,Household,Offline,C,11/13/2010,792137277,11/24/2010,9878,668.27,502.54,6601171.06,4964090.12,1637080.94
Australia and Oceania,Palau,Cosmetics,Offline,L,7/18/2016,985119426,8/22/2016,7584,437.20,263.33,3315724.80,1997094.72,1318630.08
Central America and the Caribbean,Saint Kitts and Nevis ,Household,Online,M,5/19/2010,689827954,6/13/2010,4276,668.27,502.54,2857522.52,2148861.04,708661.48
Australia and Oceania,Nauru,Cereal,Online,M,12/18/2015,943811690,1/21/2016,3708,205.70,117.11,762735.60,434243.88,328491.72
Middle East and North Africa,Yemen,Baby Food,Online,C,7/10/2012,604931962,8/5/2012,1665,255.28,159.42,425041.20,265434.30,159606.90
Europe,Georgia,Cosmetics,Online,M,6/3/2014,401362597,6/9/2014,967,437.20,263.33,422772.40,254640.11,168132.29
Sub-Saharan Africa,Seychelles ,Cereal,Offline,H,5/16/2014,681589925,6/26/2014,6460,205.70,117.11,1328822.00,756530.60,572291.40
Sub-Saharan Africa,Rwanda,Office Supplies,Online,L,7/5/2017,964412772,8/9/2017,26,651.21,524.96,16931.46,13648.96,3282.50
Middle East and North Africa,Saudi Arabia,Office Supplies,Online,H,11/21/2014,388942468,11/28/2014,5574,651.21,524.96,3629844.54,2926127.04,703717.50
Europe,Georgia,Household,Online,H,7/25/2017,864602839,8/9/2017,4048,668.27,502.54,2705156.96,2034281.92,670875.04
Europe,Malta,Fruits,Online,L,12/7/2014,321130216,1/3/2015,8422,9.33,6.92,78577.26,58280.24,20297.02
Central America and the Caribbean,Barbados,Clothes,Online,C,5/1/2012,831391084,5/12/2012,5952,109.28,35.84,650434.56,213319.68,437114.88
Europe,Cyprus,Snacks,Online,L,12/1/2011,665285098,12/18/2011,1499,152.58,97.44,228717.42,146062.56,82654.86
Central America and the Caribbean,Cuba,Snacks,Offline,L,6/7/2014,142741429,6/23/2014,9216,152.58,97.44,1406177.28,898007.04,508170.24
Europe,United Kingdom,Beverages,Online,L,10/26/2010,245058906,11/17/2010,7231,47.45,31.79,343110.95,229873.49,113237.46
Middle East and North Africa,Lebanon,Clothes,Online,L,10/18/2015,673848855,10/26/2015,5705,109.28,35.84,623442.40,204467.20,418975.20
Asia,Laos,Cereal,Online,C,1/26/2011,301035106,3/6/2011,1832,205.70,117.11,376842.40,214545.52,162296.88
Europe,Romania,Meat,Offline,L,4/11/2017,318853986,5/20/2017,4835,421.89,364.69,2039838.15,1763276.15,276562.00
Asia,Uzbekistan,Household,Online,C,6/21/2014,189854323,7/14/2014,968,668.27,502.54,646885.36,486458.72,160426.64
Sub-Saharan Africa,Cameroon,Baby Food,Offline,C,1/20/2014,796897447,2/10/2014,8518,255.28,159.42,2174475.04,1357939.56,816535.48
Middle East and North Africa,Afghanistan,Cereal,Offline,C,2/22/2017,393157184,4/10/2017,2802,205.70,117.11,576371.40,328142.22,248229.18
Europe,Luxembourg,Baby Food,Online,H,10/10/2010,452119863,11/10/2010,1169,255.28,159.42,298422.32,186361.98,112060.34
Sub-Saharan Africa,Lesotho,Fruits,Offline,C,2/11/2017,717584311,3/24/2017,7999,9.33,6.92,74630.67,55353.08,19277.59
Europe,Montenegro,Snacks,Online,C,12/21/2013,553661859,12/27/2013,9702,152.58,97.44,1480331.16,945362.88,534968.28
Australia and Oceania,Papua New Guinea,Cereal,Offline,L,4/16/2014,294776332,6/5/2014,9722,205.70,117.11,1999815.40,1138543.42,861271.98
Sub-Saharan Africa,Mozambique,Clothes,Offline,L,12/7/2016,795664060,12/7/2016,3532,109.28,35.84,385976.96,126586.88,259390.08
Sub-Saharan Africa,South Africa,Beverages,Online,L,6/23/2010,281373870,7/23/2010,3636,47.45,31.79,172528.20,115588.44,56939.76
Sub-Saharan Africa,Seychelles ,Meat,Offline,M,11/3/2014,197267091,11/27/2014,4571,421.89,364.69,1928459.19,1666997.99,261461.20
Australia and Oceania,Fiji,Fruits,Online,M,12/9/2016,259017550,12/12/2016,7904,9.33,6.92,73744.32,54695.68,19048.64
Asia,Singapore,Clothes,Offline,M,4/30/2012,702611577,5/4/2012,7234,109.28,35.84,790531.52,259266.56,531264.96
Sub-Saharan Africa,Mauritania,Beverages,Online,M,7/22/2016,934347999,7/23/2016,3191,47.45,31.79,151412.95,101441.89,49971.06
Europe,Germany,Baby Food,Offline,C,12/11/2015,880838143,1/11/2016,8436,255.28,159.42,2153542.08,1344867.12,808674.96
Europe,Netherlands,Clothes,Online,C,10/23/2016,539005839,11/10/2016,2661,109.28,35.84,290794.08,95370.24,195423.84
Sub-Saharan Africa,Benin,Office Supplies,Online,M,5/25/2011,426087415,5/27/2011,7589,651.21,524.96,4942032.69,3983921.44,958111.25
Asia,Bangladesh,Office Supplies,Offline,H,12/7/2011,229631698,12/18/2011,1977,651.21,524.96,1287442.17,1037845.92,249596.25
Europe,Denmark,Snacks,Offline,C,7/30/2016,157500016,9/2/2016,6610,152.58,97.44,1008553.80,644078.40,364475.40
Sub-Saharan Africa,Zimbabwe,Baby Food,Offline,M,3/11/2013,487866199,3/11/2013,9304,255.28,159.42,2375125.12,1483243.68,891881.44
Sub-Saharan Africa,Zambia,Snacks,Offline,L,6/2/2013,219216573,6/3/2013,9910,152.58,97.44,1512067.80,965630.40,546437.40
Sub-Saharan Africa,Senegal,Personal Care,Online,L,1/14/2011,220349967,1/31/2011,5307,81.73,56.67,433741.11,300747.69,132993.42
Middle East and North Africa,Kuwait,Baby Food,Offline,C,1/12/2016,980377709,2/24/2016,4405,255.28,159.42,1124508.40,702245.10,422263.30
Sub-Saharan Africa,Gabon,Baby Food,Offline,L,12/12/2012,358723628,12/19/2012,3148,255.28,159.42,803621.44,501854.16,301767.28
Middle East and North Africa,Somalia,Vegetables,Offline,H,2/14/2010,335124051,2/22/2010,9509,154.06,90.93,1464956.54,864653.37,600303.17
Sub-Saharan Africa,Guinea-Bissau,Clothes,Offline,H,2/27/2013,259627807,3/27/2013,8492,109.28,35.84,928005.76,304353.28,623652.48
Europe,Georgia,Clothes,Online,L,8/4/2013,902596223,8/17/2013,7135,109.28,35.84,779712.80,255718.40,523994.40
Europe,Germany,Cereal,Offline,H,5/15/2015,404703128,7/3/2015,9504,205.70,117.11,1954972.80,1113013.44,841959.36
Asia,Malaysia,Baby Food,Online,H,12/8/2015,126934850,1/9/2016,1698,255.28,159.42,433465.44,270695.16,162770.28
Middle East and North Africa,Egypt,Cereal,Online,M,1/7/2010,600590217,1/8/2010,6846,205.70,117.11,1408222.20,801735.06,606487.14
Middle East and North Africa,Libya,Office Supplies,Offline,M,2/15/2016,177280557,2/19/2016,111,651.21,524.96,72284.31,58270.56,14013.75
Asia,Uzbekistan,Office Supplies,Offline,M,3/3/2012,878929698,4/3/2012,3684,651.21,524.96,2399057.64,1933952.64,465105.00
Sub-Saharan Africa,Malawi,Cosmetics,Offline,L,1/4/2015,747773969,2/4/2015,1789,437.20,263.33,782150.80,471097.37,311053.43
Europe,Montenegro,Clothes,Online,C,1/19/2016,596362197,3/3/2016,5681,109.28,35.84,620819.68,203607.04,417212.64
Middle East and North Africa,Egypt,Cosmetics,Online,C,5/6/2015,857555711,5/30/2015,8646,437.20,263.33,3780031.20,2276751.18,1503280.02
Europe,Spain,Vegetables,Offline,L,3/20/2010,234528338,3/31/2010,1002,154.06,90.93,154368.12,91111.86,63256.26
Sub-Saharan Africa,Rwanda,Baby Food,Online,M,3/15/2014,650766408,3/26/2014,5096,255.28,159.42,1300906.88,812404.32,488502.56
Australia and Oceania,Vanuatu,Cereal,Offline,M,5/26/2015,500068747,6/10/2015,310,205.70,117.11,63767.00,36304.10,27462.90
Central America and the Caribbean,Saint Kitts and Nevis ,Cosmetics,Offline,M,7/18/2010,496546685,8/17/2010,8053,437.20,263.33,3520771.60,2120596.49,1400175.11
Sub-Saharan Africa,Sao Tome and Principe,Beverages,Offline,H,5/14/2016,524624049,7/3/2016,6769,47.45,31.79,321189.05,215186.51,106002.54
Central America and the Caribbean,Grenada,Clothes,Offline,M,10/20/2012,989037168,11/20/2012,6931,109.28,35.84,757419.68,248407.04,509012.64
Middle East and North Africa,Syria,Fruits,Offline,H,12/5/2014,564834868,12/26/2014,6044,9.33,6.92,56390.52,41824.48,14566.04
Asia,India,Household,Online,L,2/27/2016,247378480,3/27/2016,3644,668.27,502.54,2435175.88,1831255.76,603920.12
Central America and the Caribbean,El Salvador,Office Supplies,Online,L,10/9/2014,202341830,10/10/2014,6299,651.21,524.96,4101971.79,3306723.04,795248.75
Europe,San Marino,Personal Care,Offline,H,2/8/2010,215711247,3/30/2010,2607,81.73,56.67,213070.11,147738.69,65331.42
Central America and the Caribbean,Dominican Republic,Office Supplies,Offline,C,12/3/2013,143785560,12/24/2013,8197,651.21,524.96,5337968.37,4303097.12,1034871.25
Sub-Saharan Africa,Ethiopia,Beverages,Online,H,5/1/2016,363176095,5/31/2016,732,47.45,31.79,34733.40,23270.28,11463.12
Middle East and North Africa,Afghanistan,Cereal,Online,M,4/16/2012,420806682,5/12/2012,4903,205.70,117.11,1008547.10,574190.33,434356.77
Sub-Saharan Africa,Sudan,Clothes,Online,M,12/21/2012,383913648,1/13/2013,7435,109.28,35.84,812496.80,266470.40,546026.40
Europe,Montenegro,Snacks,Offline,L,9/6/2011,390045821,9/29/2011,2081,152.58,97.44,317518.98,202772.64,114746.34
Middle East and North Africa,Jordan,Cereal,Online,L,5/9/2010,197064530,6/19/2010,4629,205.70,117.11,952185.30,542102.19,410083.11
Sub-Saharan Africa,Togo,Cereal,Offline,H,10/15/2015,533143603,11/15/2015,7895,205.70,117.11,1624001.50,924583.45,699418.05
Middle East and North Africa,Pakistan,Meat,Offline,H,2/12/2013,846769368,2/22/2013,6728,421.89,364.69,2838475.92,2453634.32,384841.60
Middle East and North Africa,Lebanon,Clothes,Online,L,1/22/2015,656740653,2/24/2015,3008,109.28,35.84,328714.24,107806.72,220907.52
Sub-Saharan Africa,Guinea-Bissau,Office Supplies,Online,H,8/29/2012,902168786,9/16/2012,647,651.21,524.96,421332.87,339649.12,81683.75
Europe,Albania,Clothes,Online,H,12/23/2016,792477595,1/16/2017,586,109.28,35.84,64038.08,21002.24,43035.84
Sub-Saharan Africa,Togo,Beverages,Offline,M,5/29/2017,957403409,6/16/2017,5799,47.45,31.79,275162.55,184350.21,90812.34
Europe,Andorra,Office Supplies,Online,C,10/11/2015,296995055,10/21/2015,6292,651.21,524.96,4097413.32,3303048.32,794365.00
Sub-Saharan Africa,Togo,Cereal,Online,L,12/20/2014,931613862,1/11/2015,4099,205.70,117.11,843164.30,480033.89,363130.41
Central America and the Caribbean,Trinidad and Tobago,Cosmetics,Online,M,2/25/2015,551933658,3/9/2015,8289,437.20,263.33,3623950.80,2182742.37,1441208.43
Europe,Czech Republic,Office Supplies,Offline,H,7/23/2017,968940770,7/28/2017,9961,651.21,524.96,6486702.81,5229126.56,1257576.25
Asia,Maldives,Baby Food,Online,H,2/14/2013,463934028,2/26/2013,7243,255.28,159.42,1848993.04,1154679.06,694313.98
Australia and Oceania,Solomon Islands,Office Supplies,Offline,M,7/27/2016,538524758,8/3/2016,298,651.21,524.96,194060.58,156438.08,37622.50
Europe,Russia,Personal Care,Offline,L,3/5/2017,964636790,3/9/2017,6317,81.73,56.67,516288.41,357984.39,158304.02
Sub-Saharan Africa,Uganda,Cosmetics,Offline,L,11/9/2012,234506452,12/8/2012,4525,437.20,263.33,1978330.00,1191568.25,786761.75
Asia,Bhutan,Household,Online,C,12/18/2013,510682570,2/3/2014,1176,668.27,502.54,785885.52,590987.04,194898.48
Europe,Lithuania,Meat,Online,H,10/1/2016,876026475,11/4/2016,4556,421.89,364.69,1922130.84,1661527.64,260603.20
Asia,Tajikistan,Vegetables,Online,M,10/5/2014,483711993,10/13/2014,9983,154.06,90.93,1537980.98,907754.19,630226.79
Asia,Japan,Fruits,Online,C,3/4/2010,807225453,4/22/2010,4805,9.33,6.92,44830.65,33250.60,11580.05
Europe,Russia,Household,Online,C,1/5/2010,690365684,1/26/2010,3402,668.27,502.54,2273454.54,1709641.08,563813.46
Central America and the Caribbean,Grenada,Household,Offline,H,10/22/2014,397244012,10/31/2014,2186,668.27,502.54,1460838.22,1098552.44,362285.78
Asia,Bangladesh,Meat,Online,M,10/11/2014,262284266,11/11/2014,4598,421.89,364.69,1939850.22,1676844.62,263005.60
Asia,Vietnam,Baby Food,Offline,L,5/12/2016,240222775,5/31/2016,6112,255.28,159.42,1560271.36,974375.04,585896.32
Sub-Saharan Africa,Sudan,Vegetables,Online,H,9/16/2015,356108367,10/31/2015,9234,154.06,90.93,1422590.04,839647.62,582942.42
Australia and Oceania,Palau,Cereal,Offline,M,1/8/2010,255302369,2/18/2010,8499,205.70,117.11,1748244.30,995317.89,752926.41
North America,Canada,Vegetables,Offline,C,7/4/2016,553478610,8/4/2016,5475,154.06,90.93,843478.50,497841.75,345636.75
Central America and the Caribbean,Honduras,Household,Online,M,7/29/2015,586623418,7/29/2015,3760,668.27,502.54,2512695.20,1889550.40,623144.80
Central America and the Caribbean,Panama,Clothes,Offline,C,3/12/2015,661035621,4/4/2015,3985,109.28,35.84,435480.80,142822.40,292658.40
Sub-Saharan Africa,Togo,Baby Food,Offline,C,11/1/2016,703326547,12/8/2016,8809,255.28,159.42,2248761.52,1404330.78,844430.74
Asia,Taiwan,Cosmetics,Online,L,9/4/2011,710420024,9/20/2011,7927,437.20,263.33,3465684.40,2087416.91,1378267.49
Sub-Saharan Africa,Sierra Leone,Vegetables,Online,L,9/1/2014,299552381,9/1/2014,3061,154.06,90.93,471577.66,278336.73,193240.93
Asia,Vietnam,Cosmetics,Offline,C,5/2/2015,958272445,5/18/2015,2966,437.20,263.33,1296735.20,781036.78,515698.42
Sub-Saharan Africa,Mauritius ,Personal Care,Online,L,10/27/2011,194441545,10/31/2011,8429,81.73,56.67,688902.17,477671.43,211230.74
Middle East and North Africa,Algeria,Baby Food,Online,L,9/18/2014,986233508,11/1/2014,7266,255.28,159.42,1854864.48,1158345.72,696518.76
Europe,Belgium,Vegetables,Online,L,12/8/2012,532134664,1/3/2013,9327,154.06,90.93,1436917.62,848104.11,588813.51
Sub-Saharan Africa,Mauritania,Snacks,Offline,M,5/31/2015,600943839,7/1/2015,1491,152.58,97.44,227496.78,145283.04,82213.74
Asia,Tajikistan,Cereal,Online,L,12/24/2016,781772363,12/25/2016,2670,205.70,117.11,549219.00,312683.70,236535.30
Asia,South Korea,Fruits,Online,M,5/4/2017,734044063,5/26/2017,8805,9.33,6.92,82150.65,60930.60,21220.05
Europe,Czech Republic,Beverages,Online,L,3/29/2017,637495267,5/3/2017,7871,47.45,31.79,373478.95,250219.09,123259.86
Asia,North Korea,Beverages,Online,M,9/22/2014,742174804,10/16/2014,4872,47.45,31.79,231176.40,154880.88,76295.52
Middle East and North Africa,Oman,Clothes,Online,C,6/19/2016,918444001,7/26/2016,6845,109.28,35.84,748021.60,245324.80,502696.80
Middle East and North Africa,Pakistan,Baby Food,Offline,M,4/8/2011,206976687,4/16/2011,7856,255.28,159.42,2005479.68,1252403.52,753076.16
Europe,France,Cosmetics,Offline,M,9/23/2011,868759191,10/28/2011,4005,437.20,263.33,1750986.00,1054636.65,696349.35
Middle East and North Africa,Turkey,Household,Online,C,7/23/2012,735090339,7/28/2012,8421,668.27,502.54,5627501.67,4231889.34,1395612.33
Europe,Ukraine,Household,Online,L,2/18/2017,857581460,3/7/2017,6266,668.27,502.54,4187379.82,3148915.64,1038464.18
Asia,Malaysia,Personal Care,Online,C,12/9/2010,558156383,12/19/2010,9732,81.73,56.67,795396.36,551512.44,243883.92
Sub-Saharan Africa,Guinea,Office Supplies,Online,H,10/29/2010,579051434,12/3/2010,3042,651.21,524.96,1980980.82,1596928.32,384052.50
Sub-Saharan Africa,Rwanda,Vegetables,Offline,L,10/13/2015,832815444,11/13/2015,7452,154.06,90.93,1148055.12,677610.36,470444.76
Europe,Macedonia,Fruits,Online,C,9/15/2010,852309739,9/16/2010,6247,9.33,6.92,58284.51,43229.24,15055.27
Asia,Bangladesh,Cosmetics,Online,C,8/22/2015,240708148,9/28/2015,9745,437.20,263.33,4260514.00,2566150.85,1694363.15
Asia,Bangladesh,Snacks,Offline,L,11/1/2013,921496999,12/14/2013,294,152.58,97.44,44858.52,28647.36,16211.16
Middle East and North Africa,Oman,Cereal,Offline,H,2/8/2016,388475120,2/18/2016,7276,205.70,117.11,1496673.20,852092.36,644580.84
Europe,Denmark,Personal Care,Online,M,8/13/2011,255753839,9/29/2011,2099,81.73,56.67,171551.27,118950.33,52600.94
Europe,Macedonia,Beverages,Online,L,2/2/2017,407756984,3/20/2017,3208,47.45,31.79,152219.60,101982.32,50237.28
Europe,Norway,Personal Care,Online,H,6/20/2012,349220883,7/4/2012,1075,81.73,56.67,87859.75,60920.25,26939.50
Sub-Saharan Africa,Kenya,Cosmetics,Online,H,10/27/2012,555194365,12/16/2012,3205,437.20,263.33,1401226.00,843972.65,557253.35
Sub-Saharan Africa,Angola,Beverages,Online,M,7/30/2011,221038758,8/9/2011,9135,47.45,31.79,433455.75,290401.65,143054.10
Sub-Saharan Africa,Djibouti,Cosmetics,Offline,C,7/30/2014,412427890,9/11/2014,5433,437.20,263.33,2375307.60,1430671.89,944635.71
Europe,United Kingdom,Baby Food,Online,L,8/2/2013,915348088,8/11/2013,695,255.28,159.42,177419.60,110796.90,66622.70
Australia and Oceania,Federated States of Micronesia,Snacks,Offline,C,10/18/2012,686098182,10/25/2012,553,152.58,97.44,84376.74,53884.32,30492.42
Sub-Saharan Africa,Mauritius ,Office Supplies,Online,C,6/17/2017,101289498,6/17/2017,2668,651.21,524.96,1737428.28,1400593.28,336835.00
Europe,France,Baby Food,Online,L,12/19/2014,507845866,1/26/2015,1732,255.28,159.42,442144.96,276115.44,166029.52
Central America and the Caribbean,Honduras,Fruits,Offline,H,6/25/2016,173003613,7/30/2016,4469,9.33,6.92,41695.77,30925.48,10770.29
Asia,Sri Lanka,Fruits,Offline,H,4/26/2015,134311568,6/7/2015,4633,9.33,6.92,43225.89,32060.36,11165.53
Middle East and North Africa,Libya,Office Supplies,Offline,C,5/28/2013,149631059,6/22/2013,8010,651.21,524.96,5216192.10,4204929.60,1011262.50
Sub-Saharan Africa,Benin,Clothes,Offline,H,7/18/2017,947135913,8/26/2017,7419,109.28,35.84,810748.32,265896.96,544851.36
Middle East and North Africa,Afghanistan,Personal Care,Online,C,11/14/2012,175312459,1/2/2013,7707,81.73,56.67,629893.11,436755.69,193137.42
Sub-Saharan Africa,Cameroon,Personal Care,Offline,H,2/5/2012,952959525,2/15/2012,755,81.73,56.67,61706.15,42785.85,18920.30
Middle East and North Africa,Saudi Arabia,Cereal,Online,M,11/6/2013,619188439,12/19/2013,474,205.70,117.11,97501.80,55510.14,41991.66
Asia,Singapore,Personal Care,Offline,M,1/12/2014,183423030,1/13/2014,7805,81.73,56.67,637902.65,442309.35,195593.30
Europe,Ukraine,Cosmetics,Online,M,3/11/2017,275399625,3/19/2017,5724,437.20,263.33,2502532.80,1507300.92,995231.88
Asia,Mongolia,Cosmetics,Offline,C,1/2/2010,695167052,1/22/2010,4234,437.20,263.33,1851104.80,1114939.22,736165.58
Europe,Belgium,Household,Offline,L,7/4/2010,863086640,7/13/2010,5371,668.27,502.54,3589278.17,2699142.34,890135.83
Asia,South Korea,Household,Online,H,4/16/2011,269832217,5/22/2011,8204,668.27,502.54,5482487.08,4122838.16,1359648.92
Asia,Turkmenistan,Cosmetics,Offline,H,8/1/2013,726390111,8/23/2013,3831,437.20,263.33,1674913.20,1008817.23,666095.97
Sub-Saharan Africa,Central African Republic,Cosmetics,Online,H,11/26/2015,514059150,12/26/2015,381,437.20,263.33,166573.20,100328.73,66244.47
Sub-Saharan Africa,Mauritius ,Fruits,Online,M,3/30/2010,234450662,5/4/2010,8016,9.33,6.92,74789.28,55470.72,19318.56
Australia and Oceania,Kiribati,Vegetables,Online,C,3/7/2016,559488475,4/25/2016,3928,154.06,90.93,605147.68,357173.04,247974.64
Europe,Liechtenstein,Baby Food,Online,C,6/27/2016,881408917,8/15/2016,7340,255.28,159.42,1873755.20,1170142.80,703612.40
Australia and Oceania,Federated States of Micronesia,Snacks,Offline,M,12/6/2013,662760818,1/23/2014,4509,152.58,97.44,687983.22,439356.96,248626.26
Middle East and North Africa,Jordan,Fruits,Online,C,5/7/2012,786405503,6/2/2012,3719,9.33,6.92,34698.27,25735.48,8962.79
Middle East and North Africa,Algeria,Clothes,Offline,M,11/7/2012,405516803,12/25/2012,288,109.28,35.84,31472.64,10321.92,21150.72
Sub-Saharan Africa,Djibouti,Household,Online,C,1/16/2010,993581044,3/1/2010,1565,668.27,502.54,1045842.55,786475.10,259367.45
Middle East and North Africa,Qatar,Vegetables,Online,M,12/16/2010,494397056,1/16/2011,1930,154.06,90.93,297335.80,175494.90,121840.90
Sub-Saharan Africa,Mozambique,Clothes,Offline,C,2/11/2016,972076165,3/22/2016,7794,109.28,35.84,851728.32,279336.96,572391.36
Asia,Singapore,Cosmetics,Online,M,9/26/2015,961042201,11/7/2015,2599,437.20,263.33,1136282.80,684394.67,451888.13
Europe,Vatican City,Meat,Online,H,4/6/2016,416031491,4/22/2016,1818,421.89,364.69,766996.02,663006.42,103989.60
Australia and Oceania,Federated States of Micronesia,Snacks,Offline,H,11/4/2013,262092864,12/11/2013,7958,152.58,97.44,1214231.64,775427.52,438804.12
Asia,Thailand,Beverages,Online,L,4/2/2013,144587647,5/8/2013,5553,47.45,31.79,263489.85,176529.87,86959.98
Middle East and North Africa,Kuwait,Household,Offline,L,7/20/2016,679189670,8/26/2016,6171,668.27,502.54,4123894.17,3101174.34,1022719.83
Middle East and North Africa,Jordan,Household,Online,L,9/20/2011,301885259,10/15/2011,3411,668.27,502.54,2279468.97,1714163.94,565305.03
Europe,United Kingdom,Clothes,Offline,L,4/21/2014,218973243,5/15/2014,7903,109.28,35.84,863639.84,283243.52,580396.32
Europe,Sweden,Cosmetics,Online,H,8/18/2010,357064950,9/8/2010,2308,437.20,263.33,1009057.60,607765.64,401291.96
Sub-Saharan Africa,Rwanda,Household,Offline,L,8/3/2014,713084208,9/14/2014,6318,668.27,502.54,4222129.86,3175047.72,1047082.14
Asia,Turkmenistan,Meat,Offline,H,11/4/2010,904267346,11/30/2010,1657,421.89,364.69,699071.73,604291.33,94780.40
Europe,France,Cereal,Offline,H,8/19/2011,618163192,10/8/2011,7080,205.70,117.11,1456356.00,829138.80,627217.20
Europe,Greece,Personal Care,Online,M,2/9/2015,962633073,2/12/2015,3373,81.73,56.67,275675.29,191147.91,84527.38
Europe,Norway,Fruits,Offline,M,9/15/2016,415850818,9/30/2016,8353,9.33,6.92,77933.49,57802.76,20130.73
Sub-Saharan Africa,The Gambia,Cereal,Offline,H,12/4/2012,676302754,1/1/2013,1869,205.70,117.11,384453.30,218878.59,165574.71
Sub-Saharan Africa,Niger,Cosmetics,Online,L,9/8/2012,812787711,9/30/2012,801,437.20,263.33,350197.20,210927.33,139269.87
Asia,Sri Lanka,Office Supplies,Online,L,11/1/2010,414417016,12/11/2010,4059,651.21,524.96,2643261.39,2130812.64,512448.75
Europe,Macedonia,Household,Offline,H,8/18/2014,940614497,9/1/2014,7587,668.27,502.54,5070164.49,3812770.98,1257393.51
Europe,Russia,Household,Offline,M,4/5/2017,771116483,5/14/2017,9358,668.27,502.54,6253670.66,4702769.32,1550901.34
Europe,Italy,Fruits,Online,H,10/5/2016,155971801,11/23/2016,4377,9.33,6.92,40837.41,30288.84,10548.57
Middle East and North Africa,Afghanistan,Snacks,Offline,L,3/28/2012,765541779,5/6/2012,9679,152.58,97.44,1476821.82,943121.76,533700.06
Middle East and North Africa,Algeria,Cosmetics,Offline,C,3/20/2015,740500247,5/5/2015,9333,437.20,263.33,4080387.60,2457658.89,1622728.71
Sub-Saharan Africa,Burundi,Meat,Offline,H,7/25/2015,541833531,8/10/2015,9438,421.89,364.69,3981797.82,3441944.22,539853.60
Europe,Lithuania,Meat,Online,M,7/30/2015,700840461,9/6/2015,3121,421.89,364.69,1316718.69,1138197.49,178521.20
Sub-Saharan Africa,Swaziland,Cosmetics,Offline,M,1/17/2011,469132363,1/26/2011,5546,437.20,263.33,2424711.20,1460428.18,964283.02
Asia,Laos,Beverages,Online,L,3/8/2010,968633067,3/27/2010,8905,47.45,31.79,422542.25,283089.95,139452.30
Sub-Saharan Africa,Malawi,Snacks,Offline,H,9/10/2014,241578900,9/28/2014,7420,152.58,97.44,1132143.60,723004.80,409138.80
Europe,Croatia,Cereal,Online,C,12/27/2015,900518691,2/12/2016,2347,205.70,117.11,482777.90,274857.17,207920.73
Sub-Saharan Africa,Djibouti,Meat,Online,H,2/10/2014,678313767,2/17/2014,6972,421.89,364.69,2941417.08,2542618.68,398798.40
Central America and the Caribbean,Barbados,Cosmetics,Online,M,12/19/2013,978137958,1/29/2014,1613,437.20,263.33,705203.60,424751.29,280452.31
Middle East and North Africa,Pakistan,Snacks,Offline,M,12/11/2013,123477590,12/12/2013,8618,152.58,97.44,1314934.44,839737.92,475196.52
Europe,Sweden,Fruits,Offline,H,4/15/2017,108131492,5/18/2017,7366,9.33,6.92,68724.78,50972.72,17752.06
Asia,Mongolia,Cosmetics,Online,L,2/26/2013,746210992,4/8/2013,9270,437.20,263.33,4052844.00,2441069.10,1611774.90
Asia,North Korea,Cosmetics,Offline,M,9/17/2010,122139918,10/6/2010,2771,437.20,263.33,1211481.20,729687.43,481793.77
Europe,Greece,Household,Offline,M,8/9/2012,440654599,9/4/2012,8343,668.27,502.54,5575376.61,4192691.22,1382685.39
Europe,Italy,Vegetables,Offline,L,3/12/2011,376803863,3/17/2011,3491,154.06,90.93,537823.46,317436.63,220386.83
Europe,Germany,Vegetables,Offline,M,1/16/2015,925949037,2/4/2015,7751,154.06,90.93,1194119.06,704798.43,489320.63
Australia and Oceania,Fiji,Cereal,Online,H,11/9/2014,453763949,11/21/2014,7691,205.70,117.11,1582038.70,900693.01,681345.69
Central America and the Caribbean,Jamaica,Household,Online,L,7/17/2017,546234929,9/3/2017,1909,668.27,502.54,1275727.43,959348.86,316378.57
Europe,Greece,Office Supplies,Offline,M,2/22/2012,159660804,3/15/2012,6035,651.21,524.96,3930052.35,3168133.60,761918.75
Australia and Oceania,New Zealand,Cosmetics,Online,C,6/28/2011,570652902,8/16/2011,7730,437.20,263.33,3379556.00,2035540.90,1344015.10
Central America and the Caribbean,Guatemala,Cosmetics,Offline,H,7/17/2010,426135051,8/14/2010,1686,437.20,263.33,737119.20,443974.38,293144.82
Europe,Luxembourg,Baby Food,Online,M,11/22/2012,693343579,12/16/2012,4628,255.28,159.42,1181435.84,737795.76,443640.08
Sub-Saharan Africa,Rwanda,Clothes,Online,H,11/8/2011,609827315,12/17/2011,309,109.28,35.84,33767.52,11074.56,22692.96
Europe,Austria,Baby Food,Online,M,12/5/2016,833447587,1/12/2017,4517,255.28,159.42,1153099.76,720100.14,432999.62
Europe,Spain,Personal Care,Online,M,3/15/2012,292378222,4/8/2012,68,81.73,56.67,5557.64,3853.56,1704.08
Asia,Turkmenistan,Beverages,Offline,C,2/5/2013,235105550,2/20/2013,1812,47.45,31.79,85979.40,57603.48,28375.92
Middle East and North Africa,Somalia,Personal Care,Offline,H,3/8/2017,180428397,3/23/2017,1627,81.73,56.67,132974.71,92202.09,40772.62
Sub-Saharan Africa,Gabon,Baby Food,Online,H,7/6/2015,167458093,8/20/2015,3426,255.28,159.42,874589.28,546172.92,328416.36
Australia and Oceania,Vanuatu,Personal Care,Offline,C,7/24/2011,305618464,8/1/2011,8150,81.73,56.67,666099.50,461860.50,204239.00
Middle East and North Africa,Kuwait,Meat,Online,C,6/12/2017,324645841,7/9/2017,8773,421.89,364.69,3701240.97,3199425.37,501815.60
Australia and Oceania,Federated States of Micronesia,Cereal,Offline,H,4/12/2012,924589049,4/20/2012,5301,205.70,117.11,1090415.70,620800.11,469615.59
Sub-Saharan Africa,Ghana,Vegetables,Online,C,2/2/2014,625809419,2/28/2014,9769,154.06,90.93,1505012.14,888295.17,616716.97
Europe,United Kingdom,Office Supplies,Online,M,6/22/2015,718980777,7/30/2015,1244,651.21,524.96,810105.24,653050.24,157055.00
Asia,Bangladesh,Cosmetics,Offline,M,1/31/2010,315089452,2/17/2010,826,437.20,263.33,361127.20,217510.58,143616.62
Europe,Italy,Personal Care,Online,M,7/31/2011,395434272,8/27/2011,6643,81.73,56.67,542932.39,376458.81,166473.58
Sub-Saharan Africa,Democratic Republic of the Congo,Vegetables,Online,L,12/19/2011,661626565,1/28/2012,8858,154.06,90.93,1364663.48,805457.94,559205.54
Europe,Romania,Fruits,Offline,M,8/30/2015,885590159,9/20/2015,4663,9.33,6.92,43505.79,32267.96,11237.83
Australia and Oceania,Palau,Baby Food,Online,L,1/6/2013,459561383,2/20/2013,3281,255.28,159.42,837573.68,523057.02,314516.66
Australia and Oceania,Federated States of Micronesia,Cosmetics,Offline,H,5/16/2014,646089065,6/12/2014,967,437.20,263.33,422772.40,254640.11,168132.29
Asia,Indonesia,Cereal,Online,L,12/29/2015,528034532,2/13/2016,6007,205.70,117.11,1235639.90,703479.77,532160.13
Middle East and North Africa,Syria,Office Supplies,Offline,M,6/1/2011,158571612,6/16/2011,3719,651.21,524.96,2421849.99,1952326.24,469523.75
Europe,Serbia,Fruits,Online,M,5/22/2010,111186635,6/8/2010,1451,9.33,6.92,13537.83,10040.92,3496.91
Asia,Kazakhstan,Cereal,Online,H,5/17/2012,129678428,6/4/2012,3583,205.70,117.11,737023.10,419605.13,317417.97
Asia,Sri Lanka,Beverages,Online,C,4/27/2010,478158318,6/16/2010,6527,47.45,31.79,309706.15,207493.33,102212.82
Middle East and North Africa,United Arab Emirates,Baby Food,Offline,C,3/2/2017,591050136,4/1/2017,3724,255.28,159.42,950662.72,593680.08,356982.64
Australia and Oceania,Papua New Guinea,Cosmetics,Online,C,8/21/2016,423090207,10/2/2016,649,437.20,263.33,283742.80,170901.17,112841.63
Asia,Mongolia,Personal Care,Online,H,6/13/2012,899327361,6/20/2012,9806,81.73,56.67,801444.38,555706.02,245738.36
Europe,Georgia,Baby Food,Offline,H,12/14/2016,765122926,12/23/2016,5731,255.28,159.42,1463009.68,913636.02,549373.66
Australia and Oceania,East Timor,Fruits,Online,L,1/24/2017,636150729,2/13/2017,9992,9.33,6.92,93225.36,69144.64,24080.72
Sub-Saharan Africa,Mozambique,Beverages,Online,H,11/28/2015,748397099,12/25/2015,6188,47.45,31.79,293620.60,196716.52,96904.08
Europe,Russia,Beverages,Offline,C,11/20/2013,508160865,11/22/2013,4947,47.45,31.79,234735.15,157265.13,77470.02
Middle East and North Africa,Iran,Meat,Online,C,6/20/2012,742053353,7/24/2012,8932,421.89,364.69,3768321.48,3257411.08,510910.40
Central America and the Caribbean,Saint Kitts and Nevis ,Office Supplies,Offline,C,5/26/2010,546998393,7/12/2010,7835,651.21,524.96,5102230.35,4113061.60,989168.75
Europe,Poland,Snacks,Offline,H,1/23/2015,440232312,2/22/2015,3379,152.58,97.44,515567.82,329249.76,186318.06
Central America and the Caribbean,Haiti,Fruits,Online,C,12/23/2015,109303939,1/2/2016,4319,9.33,6.92,40296.27,29887.48,10408.79
Australia and Oceania,Samoa ,Clothes,Offline,C,4/19/2011,662074601,5/19/2011,1442,109.28,35.84,157581.76,51681.28,105900.48
Sub-Saharan Africa,Mauritania,Household,Online,M,8/8/2011,576718127,8/23/2011,2565,668.27,502.54,1714112.55,1289015.10,425097.45
Europe,Albania,Baby Food,Online,C,5/22/2013,651720845,5/30/2013,7536,255.28,159.42,1923790.08,1201389.12,722400.96
Sub-Saharan Africa,Zimbabwe,Clothes,Offline,H,6/9/2010,855881583,7/20/2010,3235,109.28,35.84,353520.80,115942.40,237578.40
Middle East and North Africa,Azerbaijan,Beverages,Offline,C,9/24/2012,778311669,9/29/2012,8574,47.45,31.79,406836.30,272567.46,134268.84
Sub-Saharan Africa,Rwanda,Vegetables,Offline,M,5/23/2012,978434932,6/26/2012,9494,154.06,90.93,1462645.64,863289.42,599356.22
Sub-Saharan Africa,Burundi,Household,Offline,L,3/7/2010,735987699,3/28/2010,3970,668.27,502.54,2653031.90,1995083.80,657948.10
Sub-Saharan Africa,Kenya,Clothes,Online,H,9/14/2011,301018798,9/14/2011,7006,109.28,35.84,765615.68,251095.04,514520.64
Asia,Vietnam,Cosmetics,Offline,M,1/23/2016,443889558,2/11/2016,5639,437.20,263.33,2465370.80,1484917.87,980452.93
Middle East and North Africa,Afghanistan,Meat,Offline,C,1/23/2012,205273807,2/3/2012,3936,421.89,364.69,1660559.04,1435419.84,225139.20
Asia,Myanmar,Cereal,Offline,C,4/18/2012,946157872,5/13/2012,7995,205.70,117.11,1644571.50,936294.45,708277.05
Central America and the Caribbean,Jamaica,Office Supplies,Online,M,6/29/2011,497840583,8/16/2011,946,651.21,524.96,616044.66,496612.16,119432.50
Europe,Cyprus,Clothes,Offline,M,1/1/2013,811933267,1/29/2013,7951,109.28,35.84,868885.28,284963.84,583921.44
Asia,Turkmenistan,Office Supplies,Offline,C,6/21/2017,310359752,6/26/2017,1202,651.21,524.96,782754.42,631001.92,151752.50
Sub-Saharan Africa,Tanzania,Office Supplies,Offline,M,6/17/2011,635356366,7/16/2011,4923,651.21,524.96,3205906.83,2584378.08,621528.75
Sub-Saharan Africa,Rwanda,Baby Food,Offline,H,8/30/2016,799471938,10/9/2016,367,255.28,159.42,93687.76,58507.14,35180.62
Asia,Singapore,Baby Food,Offline,L,6/2/2010,335567796,7/13/2010,823,255.28,159.42,210095.44,131202.66,78892.78
Middle East and North Africa,Jordan,Office Supplies,Online,H,10/7/2012,646817767,10/29/2012,6606,651.21,524.96,4301893.26,3467885.76,834007.50
Europe,Switzerland,Baby Food,Online,L,7/11/2014,956708180,8/20/2014,66,255.28,159.42,16848.48,10521.72,6326.76
Sub-Saharan Africa,Sao Tome and Principe,Household,Offline,L,5/15/2011,559037864,6/19/2011,582,668.27,502.54,388933.14,292478.28,96454.86
Sub-Saharan Africa,Uganda,Beverages,Online,M,3/5/2015,167918145,3/19/2015,9566,47.45,31.79,453906.70,304103.14,149803.56
Sub-Saharan Africa,Eritrea,Personal Care,Online,M,5/19/2012,567772853,6/10/2012,5459,81.73,56.67,446164.07,309361.53,136802.54
Europe,Estonia,Baby Food,Offline,L,3/20/2013,363338315,4/4/2013,8736,255.28,159.42,2230126.08,1392693.12,837432.96
Asia,Kazakhstan,Household,Offline,L,1/14/2010,929663360,2/24/2010,6902,668.27,502.54,4612399.54,3468531.08,1143868.46
Asia,Taiwan,Beverages,Online,L,5/30/2011,562109315,6/5/2011,9492,47.45,31.79,450395.40,301750.68,148644.72
Middle East and North Africa,Israel,Cosmetics,Offline,C,8/10/2015,326350009,8/20/2015,3075,437.20,263.33,1344390.00,809739.75,534650.25
Sub-Saharan Africa,Liberia,Meat,Offline,C,5/25/2014,908371770,6/7/2014,6248,421.89,364.69,2635968.72,2278583.12,357385.60
Sub-Saharan Africa,Nigeria,Cosmetics,Offline,H,12/18/2011,364473426,1/1/2012,4641,437.20,263.33,2029045.20,1222114.53,806930.67
Middle East and North Africa,Azerbaijan,Cosmetics,Online,H,7/25/2013,871266305,8/19/2013,5916,437.20,263.33,2586475.20,1557860.28,1028614.92
Australia and Oceania,Kiribati,Office Supplies,Offline,H,2/28/2014,175674235,4/16/2014,4765,651.21,524.96,3103015.65,2501434.40,601581.25
Middle East and North Africa,Yemen,Beverages,Offline,H,5/8/2017,144933545,6/20/2017,7912,47.45,31.79,375424.40,251522.48,123901.92
Central America and the Caribbean,Saint Kitts and Nevis ,Meat,Offline,M,6/7/2016,916593062,6/21/2016,9111,421.89,364.69,3843839.79,3322690.59,521149.20
Europe,Moldova ,Clothes,Offline,M,5/10/2013,448514115,6/8/2013,4149,109.28,35.84,453402.72,148700.16,304702.56
Europe,Kosovo,Personal Care,Online,H,11/27/2014,368870532,1/4/2015,5842,81.73,56.67,477466.66,331066.14,146400.52
Middle East and North Africa,Iraq,Vegetables,Online,M,10/19/2013,126148641,10/28/2013,9041,154.06,90.93,1392856.46,822098.13,570758.33
Sub-Saharan Africa,Sao Tome and Principe,Clothes,Online,H,3/3/2015,139147269,4/21/2015,5624,109.28,35.84,614590.72,201564.16,413026.56
Europe,Estonia,Cereal,Online,H,1/26/2010,446977746,2/19/2010,9503,205.70,117.11,1954767.10,1112896.33,841870.77
Australia and Oceania,New Zealand,Snacks,Offline,L,2/17/2017,259063899,4/1/2017,1620,152.58,97.44,247179.60,157852.80,89326.80
Australia and Oceania,Kiribati,Cereal,Offline,L,8/9/2010,205142056,9/1/2010,4948,205.70,117.11,1017803.60,579460.28,438343.32
Sub-Saharan Africa,South Sudan,Fruits,Offline,C,1/11/2015,985261046,2/5/2015,9493,9.33,6.92,88569.69,65691.56,22878.13
Europe,Armenia,Fruits,Offline,M,7/29/2010,219782197,8/18/2010,7291,9.33,6.92,68025.03,50453.72,17571.31
Asia,Kazakhstan,Vegetables,Online,C,7/22/2012,999379336,8/8/2012,7409,154.06,90.93,1141430.54,673700.37,467730.17
Australia and Oceania,Kiribati,Vegetables,Online,C,8/18/2014,635038793,9/28/2014,946,154.06,90.93,145740.76,86019.78,59720.98
Asia,Thailand,Cosmetics,Online,H,4/22/2015,108059394,4/23/2015,6031,437.20,263.33,2636753.20,1588143.23,1048609.97
Sub-Saharan Africa,Burundi,Personal Care,Online,M,2/27/2014,920052468,3/23/2014,2826,81.73,56.67,230968.98,160149.42,70819.56
Asia,South Korea,Office Supplies,Online,H,8/13/2015,142941844,9/3/2015,8523,651.21,524.96,5550262.83,4474234.08,1076028.75
Central America and the Caribbean,Dominica,Fruits,Offline,M,1/7/2010,768963849,1/27/2010,2346,9.33,6.92,21888.18,16234.32,5653.86
Asia,Bhutan,Household,Online,H,4/15/2015,460667312,5/20/2015,549,668.27,502.54,366880.23,275894.46,90985.77
Australia and Oceania,Marshall Islands,Cosmetics,Online,C,7/14/2012,100913560,8/26/2012,1420,437.20,263.33,620824.00,373928.60,246895.40
Europe,Liechtenstein,Fruits,Online,C,6/14/2010,642876422,6/25/2010,274,9.33,6.92,2556.42,1896.08,660.34
Europe,Belgium,Cereal,Offline,H,3/17/2011,860042226,4/5/2011,4462,205.70,117.11,917833.40,522544.82,395288.58
Australia and Oceania,Australia,Cereal,Online,H,4/7/2014,496209800,5/11/2014,8361,205.70,117.11,1719857.70,979156.71,740700.99
Europe,Portugal,Vegetables,Offline,H,7/28/2012,715490472,9/2/2012,8385,154.06,90.93,1291793.10,762448.05,529345.05
Europe,Slovakia,Baby Food,Offline,L,7/2/2011,952308070,8/17/2011,7975,255.28,159.42,2035858.00,1271374.50,764483.50
Europe,Russia,Baby Food,Offline,C,6/27/2017,261398923,8/12/2017,2605,255.28,159.42,665004.40,415289.10,249715.30
Europe,Andorra,Meat,Online,L,7/13/2011,467811858,7/18/2011,4780,421.89,364.69,2016634.20,1743218.20,273416.00
Central America and the Caribbean,Saint Lucia,Cosmetics,Online,H,7/22/2013,316908204,8/1/2013,9035,437.20,263.33,3950102.00,2379186.55,1570915.45
Sub-Saharan Africa,Republic of the Congo,Beverages,Offline,H,6/25/2010,424361789,7/27/2010,6938,47.45,31.79,329208.10,220559.02,108649.08
Europe,United Kingdom,Office Supplies,Offline,H,12/31/2012,126158940,1/7/2013,2089,651.21,524.96,1360377.69,1096641.44,263736.25
Europe,Serbia,Fruits,Offline,H,12/11/2013,628598487,12/19/2013,5116,9.33,6.92,47732.28,35402.72,12329.56
Sub-Saharan Africa,Uganda,Cereal,Online,C,10/12/2014,958291757,11/5/2014,8681,205.70,117.11,1785681.70,1016631.91,769049.79
Europe,Slovenia,Vegetables,Offline,M,4/4/2014,212162578,5/3/2014,2476,154.06,90.93,381452.56,225142.68,156309.88
Sub-Saharan Africa,Rwanda,Vegetables,Online,M,3/8/2012,707447278,3/20/2012,8225,154.06,90.93,1267143.50,747899.25,519244.25
Australia and Oceania,Kiribati,Personal Care,Online,L,3/23/2013,331694686,3/23/2013,4683,81.73,56.67,382741.59,265385.61,117355.98
Central America and the Caribbean,Saint Lucia,Cereal,Offline,M,7/14/2015,192766129,8/18/2015,2636,205.70,117.11,542225.20,308701.96,233523.24
Middle East and North Africa,Saudi Arabia,Vegetables,Online,L,7/17/2014,568835437,8/29/2014,9901,154.06,90.93,1525348.06,900297.93,625050.13
Sub-Saharan Africa,Senegal,Cereal,Offline,C,4/29/2014,458388936,5/16/2014,6327,205.70,117.11,1301463.90,740954.97,560508.93
Asia,South Korea,Personal Care,Online,H,3/26/2016,730225455,5/4/2016,8794,81.73,56.67,718733.62,498355.98,220377.64
Europe,Albania,Personal Care,Offline,L,2/7/2015,973456323,3/29/2015,6213,81.73,56.67,507788.49,352090.71,155697.78
Europe,Denmark,Cereal,Online,C,8/18/2010,847505366,9/20/2010,4526,205.70,117.11,930998.20,530039.86,400958.34
Australia and Oceania,Nauru,Snacks,Online,C,2/23/2011,532108914,3/27/2011,1707,152.58,97.44,260454.06,166330.08,94123.98
Middle East and North Africa,Somalia,Meat,Online,M,9/8/2014,277315795,10/10/2014,2761,421.89,364.69,1164838.29,1006909.09,157929.20
Middle East and North Africa,Kuwait,Household,Online,L,10/12/2012,853487336,11/9/2012,4724,668.27,502.54,3156907.48,2373998.96,782908.52
Middle East and North Africa,Libya,Baby Food,Offline,H,12/15/2016,401297366,12/20/2016,1663,255.28,159.42,424530.64,265115.46,159415.18
North America,United States of America,Snacks,Offline,H,1/29/2017,281732213,2/11/2017,9677,152.58,97.44,1476516.66,942926.88,533589.78
Sub-Saharan Africa,Togo,Household,Online,L,6/14/2015,126090705,7/21/2015,1896,668.27,502.54,1267039.92,952815.84,314224.08
Sub-Saharan Africa,Mauritius ,Personal Care,Online,L,6/7/2015,985984170,7/3/2015,3481,81.73,56.67,284502.13,197268.27,87233.86
Middle East and North Africa,Tunisia ,Cosmetics,Online,H,2/2/2010,383336436,2/21/2010,6625,437.20,263.33,2896450.00,1744561.25,1151888.75
Asia,Kazakhstan,Fruits,Online,C,4/8/2016,860383832,4/26/2016,5550,9.33,6.92,51781.50,38406.00,13375.50
Europe,Monaco,Cosmetics,Online,C,3/30/2010,529675185,4/10/2010,1513,437.20,263.33,661483.60,398418.29,263065.31
North America,Mexico,Household,Offline,L,10/9/2014,724071824,10/11/2014,7798,668.27,502.54,5211169.46,3918806.92,1292362.54
Sub-Saharan Africa,South Sudan,Snacks,Online,M,1/15/2012,146747577,2/16/2012,4724,152.58,97.44,720787.92,460306.56,260481.36
Sub-Saharan Africa,Senegal,Office Supplies,Offline,C,8/1/2015,721188771,8/6/2015,4639,651.21,524.96,3020963.19,2435289.44,585673.75
Middle East and North Africa,Turkey,Fruits,Offline,M,6/30/2013,841194236,7/14/2013,6922,9.33,6.92,64582.26,47900.24,16682.02
Sub-Saharan Africa,Kenya,Beverages,Online,M,2/2/2010,320875298,2/17/2010,2986,47.45,31.79,141685.70,94924.94,46760.76
Europe,Spain,Cosmetics,Online,L,7/10/2014,844655787,7/12/2014,1272,437.20,263.33,556118.40,334955.76,221162.64
Europe,Iceland,Office Supplies,Online,M,4/20/2014,117272031,5/23/2014,2255,651.21,524.96,1468478.55,1183784.80,284693.75
Sub-Saharan Africa,Guinea-Bissau,Cosmetics,Offline,L,12/5/2016,413772857,12/7/2016,3438,437.20,263.33,1503093.60,905328.54,597765.06
Australia and Oceania,Kiribati,Clothes,Offline,H,10/28/2015,929519593,11/18/2015,4358,109.28,35.84,476242.24,156190.72,320051.52
Europe,Switzerland,Meat,Offline,C,10/31/2016,930186069,12/7/2016,1583,421.89,364.69,667851.87,577304.27,90547.60
Asia,Cambodia,Personal Care,Online,M,9/22/2011,201758611,9/29/2011,3711,81.73,56.67,303300.03,210302.37,92997.66
Europe,Italy,Cosmetics,Offline,H,4/3/2012,400536048,5/8/2012,6372,437.20,263.33,2785838.40,1677938.76,1107899.64
Europe,Macedonia,Fruits,Offline,C,2/11/2016,103129708,3/12/2016,7227,9.33,6.92,67427.91,50010.84,17417.07
Europe,Cyprus,Baby Food,Online,M,9/7/2010,656463420,10/20/2010,969,255.28,159.42,247366.32,154477.98,92888.34
Middle East and North Africa,Jordan,Baby Food,Online,C,9/16/2014,327773511,10/25/2014,4321,255.28,159.42,1103064.88,688853.82,414211.06
Europe,Spain,Office Supplies,Online,C,12/1/2013,154608809,12/19/2013,1037,651.21,524.96,675304.77,544383.52,130921.25
Central America and the Caribbean,Nicaragua,Clothes,Offline,L,4/3/2010,794830644,5/21/2010,6905,109.28,35.84,754578.40,247475.20,507103.20
Europe,Finland,Snacks,Online,H,7/6/2010,276612842,8/5/2010,4742,152.58,97.44,723534.36,462060.48,261473.88
Europe,Belarus,Cereal,Offline,C,12/21/2014,748441731,1/23/2015,9395,205.70,117.11,1932551.50,1100248.45,832303.05
Europe,Vatican City,Cosmetics,Online,L,8/17/2013,829116141,8/27/2013,2746,437.20,263.33,1200551.20,723104.18,477447.02
Australia and Oceania,Solomon Islands,Vegetables,Online,M,9/5/2012,557747399,10/7/2012,8705,154.06,90.93,1341092.30,791545.65,549546.65
Australia and Oceania,Samoa ,Fruits,Offline,C,8/10/2015,943759334,8/14/2015,8214,9.33,6.92,76636.62,56840.88,19795.74
Sub-Saharan Africa,Equatorial Guinea,Snacks,Online,L,10/22/2011,816888272,12/9/2011,4248,152.58,97.44,648159.84,413925.12,234234.72
Sub-Saharan Africa,South Africa,Personal Care,Offline,L,9/5/2010,877183043,9/25/2010,6810,81.73,56.67,556581.30,385922.70,170658.60
Sub-Saharan Africa,South Africa,Office Supplies,Online,M,2/8/2015,545004975,3/23/2015,7938,651.21,524.96,5169304.98,4167132.48,1002172.50
Central America and the Caribbean,Nicaragua,Office Supplies,Online,C,2/11/2010,211027896,3/8/2010,6699,651.21,524.96,4362455.79,3516707.04,845748.75
Australia and Oceania,Fiji,Personal Care,Online,C,1/28/2012,786238133,3/10/2012,4190,81.73,56.67,342448.70,237447.30,105001.40
Australia and Oceania,Kiribati,Beverages,Online,C,12/6/2011,551934516,12/9/2011,8543,47.45,31.79,405365.35,271581.97,133783.38
Sub-Saharan Africa,Comoros,Baby Food,Online,M,10/28/2016,109728372,12/2/2016,9918,255.28,159.42,2531867.04,1581127.56,950739.48
Sub-Saharan Africa,Comoros,Clothes,Online,H,1/15/2016,131543529,3/5/2016,5508,109.28,35.84,601914.24,197406.72,404507.52
Europe,Albania,Personal Care,Online,L,1/25/2015,909616315,2/17/2015,4536,81.73,56.67,370727.28,257055.12,113672.16
Asia,Turkmenistan,Office Supplies,Offline,L,9/3/2016,106495559,9/23/2016,3257,651.21,524.96,2120990.97,1709794.72,411196.25
Sub-Saharan Africa,Zambia,Office Supplies,Online,M,2/15/2017,405042588,3/6/2017,9958,651.21,524.96,6484749.18,5227551.68,1257197.50
Central America and the Caribbean,Jamaica,Fruits,Online,L,7/13/2017,958431231,8/18/2017,9955,9.33,6.92,92880.15,68888.60,23991.55
Middle East and North Africa,Iran,Baby Food,Online,H,7/1/2012,540147817,8/19/2012,597,255.28,159.42,152402.16,95173.74,57228.42
Sub-Saharan Africa,Seychelles ,Fruits,Offline,M,8/18/2016,693991172,9/14/2016,6265,9.33,6.92,58452.45,43353.80,15098.65
Sub-Saharan Africa,Sierra Leone,Snacks,Online,C,4/20/2015,784072625,4/21/2015,3368,152.58,97.44,513889.44,328177.92,185711.52
Sub-Saharan Africa,Guinea-Bissau,Cosmetics,Offline,L,11/17/2013,244816005,12/28/2013,5351,437.20,263.33,2339457.20,1409078.83,930378.37
Asia,Kazakhstan,Cereal,Online,M,3/27/2011,830957639,4/23/2011,7686,205.70,117.11,1581010.20,900107.46,680902.74
North America,Canada,Household,Online,M,1/31/2011,767546355,3/4/2011,2878,668.27,502.54,1923281.06,1446310.12,476970.94
Australia and Oceania,Vanuatu,Personal Care,Online,M,8/20/2010,599943482,9/29/2010,5463,81.73,56.67,446490.99,309588.21,136902.78
Central America and the Caribbean,Belize,Snacks,Online,L,12/11/2011,943822848,1/2/2012,7010,152.58,97.44,1069585.80,683054.40,386531.40
Europe,Armenia,Baby Food,Online,H,7/25/2010,235170781,8/9/2010,1115,255.28,159.42,284637.20,177753.30,106883.90
Central America and the Caribbean,Antigua and Barbuda ,Snacks,Online,C,6/22/2014,580286109,8/4/2014,8410,152.58,97.44,1283197.80,819470.40,463727.40
Sub-Saharan Africa,Central African Republic,Clothes,Online,H,7/26/2017,105780160,9/7/2017,1555,109.28,35.84,169930.40,55731.20,114199.20
Europe,Luxembourg,Office Supplies,Online,M,1/6/2011,608576762,2/15/2011,243,651.21,524.96,158244.03,127565.28,30678.75
Europe,Belgium,Baby Food,Online,C,5/8/2017,805912244,5/30/2017,6197,255.28,159.42,1581970.16,987925.74,594044.42
Europe,Czech Republic,Cereal,Offline,C,12/11/2010,385335433,12/29/2010,8172,205.70,117.11,1680980.40,957022.92,723957.48
Europe,Ireland,Household,Online,H,9/1/2012,454707658,9/18/2012,6955,668.27,502.54,4647817.85,3495165.70,1152652.15
Sub-Saharan Africa,Democratic Republic of the Congo,Cereal,Online,M,5/20/2010,392202746,7/8/2010,363,205.70,117.11,74669.10,42510.93,32158.17
Europe,Spain,Vegetables,Online,M,9/26/2015,996307027,9/30/2015,8244,154.06,90.93,1270070.64,749626.92,520443.72
Middle East and North Africa,United Arab Emirates,Meat,Online,H,12/5/2014,435819327,12/19/2014,7479,421.89,364.69,3155315.31,2727516.51,427798.80
Europe,Norway,Office Supplies,Offline,L,5/17/2010,999850976,6/8/2010,6978,651.21,524.96,4544143.38,3663170.88,880972.50
Sub-Saharan Africa,Swaziland,Cereal,Online,L,11/30/2016,547825801,12/9/2016,2683,205.70,117.11,551893.10,314206.13,237686.97
Europe,Austria,Cosmetics,Online,L,8/2/2012,159480130,8/22/2012,2569,437.20,263.33,1123166.80,676494.77,446672.03
Sub-Saharan Africa,Ghana,Office Supplies,Online,C,7/29/2010,984862792,9/7/2010,1641,651.21,524.96,1068635.61,861459.36,207176.25
Europe,Croatia,Vegetables,Online,M,7/20/2017,194335114,8/3/2017,6934,154.06,90.93,1068252.04,630508.62,437743.42
Europe,Cyprus,Household,Offline,L,10/1/2014,428570926,10/28/2014,2516,668.27,502.54,1681367.32,1264390.64,416976.68
Asia,Malaysia,Clothes,Offline,L,10/6/2014,348556554,11/3/2014,4485,109.28,35.84,490120.80,160742.40,329378.40
Middle East and North Africa,Somalia,Baby Food,Online,H,4/24/2012,485590827,4/27/2012,5971,255.28,159.42,1524276.88,951896.82,572380.06
Europe,Iceland,Household,Online,M,10/6/2010,991285073,10/7/2010,2137,668.27,502.54,1428092.99,1073927.98,354165.01
Europe,Monaco,Cereal,Offline,C,10/2/2010,287563121,10/14/2010,5173,205.70,117.11,1064086.10,605810.03,458276.07
Middle East and North Africa,United Arab Emirates,Fruits,Online,L,12/25/2013,916661298,1/29/2014,9303,9.33,6.92,86796.99,64376.76,22420.23
Asia,Nepal,Office Supplies,Online,C,11/13/2011,991128432,11/24/2011,5783,651.21,524.96,3765947.43,3035843.68,730103.75
Asia,Kazakhstan,Meat,Online,C,1/10/2012,943825852,2/22/2012,7898,421.89,364.69,3332087.22,2880321.62,451765.60
Central America and the Caribbean,Nicaragua,Office Supplies,Online,C,10/14/2011,377927386,11/3/2011,5967,651.21,524.96,3885770.07,3132436.32,753333.75
Middle East and North Africa,United Arab Emirates,Baby Food,Online,L,2/9/2017,316919362,3/31/2017,2337,255.28,159.42,596589.36,372564.54,224024.82
Sub-Saharan Africa,Djibouti,Baby Food,Offline,H,2/5/2016,954600608,2/27/2016,6388,255.28,159.42,1630728.64,1018374.96,612353.68
Sub-Saharan Africa,Democratic Republic of the Congo,Cereal,Offline,L,1/19/2013,305082452,3/5/2013,9532,205.70,117.11,1960732.40,1116292.52,844439.88
Europe,Croatia,Baby Food,Online,M,2/20/2017,952788722,3/2/2017,211,255.28,159.42,53864.08,33637.62,20226.46
Europe,San Marino,Cereal,Offline,M,11/10/2015,602455747,12/8/2015,8898,205.70,117.11,1830318.60,1042044.78,788273.82
Central America and the Caribbean,The Bahamas,Beverages,Offline,H,9/19/2016,629132354,11/2/2016,3099,47.45,31.79,147047.55,98517.21,48530.34
Sub-Saharan Africa,Mauritius ,Clothes,Offline,C,2/18/2013,228179872,3/5/2013,2350,109.28,35.84,256808.00,84224.00,172584.00
Sub-Saharan Africa,Tanzania,Baby Food,Online,M,12/16/2010,465272128,1/26/2011,3217,255.28,159.42,821235.76,512854.14,308381.62
Europe,Bulgaria,Clothes,Offline,M,2/4/2017,226395452,3/6/2017,4300,109.28,35.84,469904.00,154112.00,315792.00
Australia and Oceania,Tuvalu,Vegetables,Online,L,1/8/2013,267848670,2/11/2013,1228,154.06,90.93,189185.68,111662.04,77523.64
Sub-Saharan Africa,Eritrea,Personal Care,Offline,C,7/25/2011,966243112,8/6/2011,1664,81.73,56.67,135998.72,94298.88,41699.84
Sub-Saharan Africa,Guinea-Bissau,Household,Online,C,4/2/2015,968502604,4/19/2015,298,668.27,502.54,199144.46,149756.92,49387.54
Middle East and North Africa,Egypt,Vegetables,Online,H,7/15/2012,341863477,7/27/2012,3855,154.06,90.93,593901.30,350535.15,243366.15
Europe,Malta,Meat,Offline,L,11/16/2011,123874557,1/5/2012,6089,421.89,364.69,2568888.21,2220597.41,348290.80
Sub-Saharan Africa,Tanzania,Beverages,Online,H,3/14/2015,972397172,4/28/2015,2787,47.45,31.79,132243.15,88598.73,43644.42
Europe,Germany,Cosmetics,Online,M,2/28/2014,915605151,4/19/2014,6766,437.20,263.33,2958095.20,1781690.78,1176404.42
Europe,Romania,Beverages,Online,C,8/14/2016,301984822,9/17/2016,2875,47.45,31.79,136418.75,91396.25,45022.50
Middle East and North Africa,Yemen,Household,Online,L,7/23/2012,450335013,7/23/2012,2993,668.27,502.54,2000132.11,1504102.22,496029.89
Sub-Saharan Africa,Cameroon,Snacks,Offline,H,10/5/2015,499767053,10/23/2015,1032,152.58,97.44,157462.56,100558.08,56904.48
Asia,Kyrgyzstan,Snacks,Offline,M,7/21/2014,559704768,9/5/2014,7934,152.58,97.44,1210569.72,773088.96,437480.76
Central America and the Caribbean,Grenada,Clothes,Online,C,6/26/2013,359884488,6/26/2013,6672,109.28,35.84,729116.16,239124.48,489991.68
Australia and Oceania,East Timor,Cereal,Online,C,5/16/2014,600355041,6/28/2014,7253,205.70,117.11,1491942.10,849398.83,642543.27
Europe,United Kingdom,Household,Online,L,7/15/2012,701477754,8/27/2012,1711,668.27,502.54,1143409.97,859845.94,283564.03
Europe,Armenia,Clothes,Online,H,9/19/2015,153926455,9/30/2015,9114,109.28,35.84,995977.92,326645.76,669332.16
Australia and Oceania,Tonga,Cosmetics,Offline,C,7/26/2017,768687474,8/16/2017,560,437.20,263.33,244832.00,147464.80,97367.20
Sub-Saharan Africa,Mali,Snacks,Online,H,8/7/2016,827059638,9/11/2016,4181,152.58,97.44,637936.98,407396.64,230540.34
Sub-Saharan Africa,Malawi,Personal Care,Online,L,5/23/2012,930654275,6/17/2012,136,81.73,56.67,11115.28,7707.12,3408.16
Europe,Moldova ,Cosmetics,Offline,L,12/9/2016,851395213,12/15/2016,5618,437.20,263.33,2456189.60,1479387.94,976801.66
Asia,China,Cosmetics,Offline,H,1/6/2013,881518781,1/10/2013,9851,437.20,263.33,4306857.20,2594063.83,1712793.37
Europe,Croatia,Vegetables,Online,H,12/18/2010,483573806,1/21/2011,9090,154.06,90.93,1400405.40,826553.70,573851.70
Australia and Oceania,Marshall Islands,Snacks,Online,M,8/13/2014,540421617,9/5/2014,1621,152.58,97.44,247332.18,157950.24,89381.94
Sub-Saharan Africa,Uganda,Office Supplies,Offline,C,7/7/2017,205236041,8/14/2017,2760,651.21,524.96,1797339.60,1448889.60,348450.00
Asia,Taiwan,Cosmetics,Offline,M,4/7/2014,951503407,4/13/2014,9858,437.20,263.33,4309917.60,2595907.14,1714010.46
Sub-Saharan Africa,Sierra Leone,Personal Care,Online,C,11/23/2011,723022544,1/11/2012,7293,81.73,56.67,596056.89,413294.31,182762.58
Europe,Finland,Household,Offline,C,12/4/2010,683904778,1/18/2011,1477,668.27,502.54,987034.79,742251.58,244783.21
Asia,Tajikistan,Personal Care,Offline,C,9/24/2016,268573939,10/7/2016,5852,81.73,56.67,478283.96,331632.84,146651.12
Sub-Saharan Africa,Botswana,Vegetables,Offline,C,1/11/2013,331766355,2/17/2013,5892,154.06,90.93,907721.52,535759.56,371961.96
Sub-Saharan Africa,Senegal,Beverages,Online,L,2/10/2011,898530852,3/19/2011,4101,47.45,31.79,194592.45,130370.79,64221.66
Europe,Luxembourg,Cosmetics,Online,C,10/4/2015,714228761,11/21/2015,5017,437.20,263.33,2193432.40,1321126.61,872305.79
Europe,Serbia,Beverages,Offline,L,11/17/2013,394533908,12/28/2013,206,47.45,31.79,9774.70,6548.74,3225.96
Asia,Singapore,Snacks,Offline,L,3/5/2016,175432622,3/7/2016,3266,152.58,97.44,498326.28,318239.04,180087.24
Sub-Saharan Africa,Cameroon,Personal Care,Offline,H,6/24/2015,363223731,6/29/2015,4829,81.73,56.67,394674.17,273659.43,121014.74
Central America and the Caribbean,Antigua and Barbuda ,Household,Online,C,4/2/2013,884518563,5/12/2013,7554,668.27,502.54,5048111.58,3796187.16,1251924.42
Europe,Latvia,Household,Offline,L,10/27/2015,836240947,11/24/2015,1134,668.27,502.54,757818.18,569880.36,187937.82
Sub-Saharan Africa,Mauritania,Beverages,Online,L,6/2/2015,735627210,6/12/2015,7293,47.45,31.79,346052.85,231844.47,114208.38
Sub-Saharan Africa,Kenya,Clothes,Offline,M,9/16/2016,270226180,9/29/2016,4787,109.28,35.84,523123.36,171566.08,351557.28
Middle East and North Africa,Iraq,Office Supplies,Offline,M,4/11/2010,547899186,5/9/2010,4400,651.21,524.96,2865324.00,2309824.00,555500.00
Middle East and North Africa,Yemen,Cereal,Online,H,4/9/2014,946820056,5/12/2014,3950,205.70,117.11,812515.00,462584.50,349930.50
Middle East and North Africa,Lebanon,Snacks,Offline,H,1/17/2010,465475118,2/5/2010,3286,152.58,97.44,501377.88,320187.84,181190.04
North America,Canada,Household,Offline,L,2/5/2014,872663199,2/23/2014,9288,668.27,502.54,6206891.76,4667591.52,1539300.24
Sub-Saharan Africa,Cameroon,Meat,Offline,C,9/10/2013,857495629,10/2/2013,867,421.89,364.69,365778.63,316186.23,49592.40
Europe,Spain,Vegetables,Offline,C,2/5/2016,979396235,2/18/2016,3965,154.06,90.93,610847.90,360537.45,250310.45
Sub-Saharan Africa,Burundi,Household,Offline,L,7/1/2014,518101346,8/8/2014,6556,668.27,502.54,4381178.12,3294652.24,1086525.88
Europe,France,Meat,Online,C,7/4/2014,623659789,7/31/2014,3646,421.89,364.69,1538210.94,1329659.74,208551.20
Europe,Slovenia,Fruits,Offline,H,3/21/2015,266432893,4/19/2015,2269,9.33,6.92,21169.77,15701.48,5468.29
Europe,Sweden,Personal Care,Online,M,1/6/2013,287094485,2/3/2013,6493,81.73,56.67,530672.89,367958.31,162714.58
Sub-Saharan Africa,Angola,Snacks,Offline,L,12/1/2012,246630895,12/23/2012,2417,152.58,97.44,368785.86,235512.48,133273.38
Central America and the Caribbean,Saint Kitts and Nevis ,Meat,Offline,H,3/22/2017,676340949,5/9/2017,3171,421.89,364.69,1337813.19,1156431.99,181381.20
Australia and Oceania,Vanuatu,Snacks,Online,M,2/21/2014,827835977,2/26/2014,3917,152.58,97.44,597655.86,381672.48,215983.38
Sub-Saharan Africa,Burundi,Cosmetics,Online,C,11/21/2011,923039805,12/24/2011,6845,437.20,263.33,2992634.00,1802493.85,1190140.15
North America,Mexico,Office Supplies,Offline,C,3/2/2012,804188764,4/2/2012,6181,651.21,524.96,4025129.01,3244777.76,780351.25
Sub-Saharan Africa,Mali,Beverages,Offline,M,12/18/2013,383831679,1/26/2014,3178,47.45,31.79,150796.10,101028.62,49767.48
Central America and the Caribbean,Guatemala,Meat,Offline,M,4/29/2017,994829881,5/9/2017,1124,421.89,364.69,474204.36,409911.56,64292.80
Europe,Netherlands,Cosmetics,Offline,L,1/2/2012,440357196,2/8/2012,335,437.20,263.33,146462.00,88215.55,58246.45
Sub-Saharan Africa,Djibouti,Clothes,Offline,L,7/16/2011,643899953,8/6/2011,3160,109.28,35.84,345324.80,113254.40,232070.40
Middle East and North Africa,Yemen,Beverages,Offline,L,8/7/2011,899256980,8/14/2011,8979,47.45,31.79,426053.55,285442.41,140611.14
Sub-Saharan Africa,Cote d'Ivoire,Meat,Online,M,6/27/2016,120539605,6/28/2016,9203,421.89,364.69,3882653.67,3356242.07,526411.60
Middle East and North Africa,Kuwait,Baby Food,Online,H,8/27/2012,892171657,10/14/2012,2274,255.28,159.42,580506.72,362521.08,217985.64
Central America and the Caribbean,Saint Kitts and Nevis ,Beverages,Online,C,4/26/2010,918889462,4/28/2010,8667,47.45,31.79,411249.15,275523.93,135725.22
Europe,Luxembourg,Clothes,Online,C,12/24/2016,675741851,1/5/2017,5885,109.28,35.84,643112.80,210918.40,432194.40
Sub-Saharan Africa,Ghana,Beverages,Online,H,12/3/2010,258090150,1/9/2011,3466,47.45,31.79,164461.70,110184.14,54277.56
Europe,Finland,Household,Online,C,2/16/2013,731608188,3/10/2013,7976,668.27,502.54,5330121.52,4008259.04,1321862.48
Sub-Saharan Africa,Angola,Cosmetics,Offline,M,5/16/2015,982282292,6/16/2015,8014,437.20,263.33,3503720.80,2110326.62,1393394.18
Central America and the Caribbean,Trinidad and Tobago,Household,Online,M,4/6/2014,866411292,4/16/2014,9210,668.27,502.54,6154766.70,4628393.40,1526373.30
Asia,Turkmenistan,Cereal,Online,H,1/22/2015,760606515,2/14/2015,9225,205.70,117.11,1897582.50,1080339.75,817242.75
Europe,Austria,Meat,Online,C,9/19/2012,211791789,10/9/2012,2752,421.89,364.69,1161041.28,1003626.88,157414.40
Middle East and North Africa,Oman,Snacks,Offline,L,11/4/2010,187203443,11/19/2010,6514,152.58,97.44,993906.12,634724.16,359181.96
Europe,Lithuania,Snacks,Offline,C,4/21/2010,824390304,4/30/2010,4265,152.58,97.44,650753.70,415581.60,235172.10
Middle East and North Africa,Pakistan,Cosmetics,Online,H,1/16/2013,981213700,2/4/2013,1794,437.20,263.33,784336.80,472414.02,311922.78
Europe,Montenegro,Clothes,Online,C,9/18/2010,485847461,11/6/2010,1915,109.28,35.84,209271.20,68633.60,140637.60
Sub-Saharan Africa,Chad,Baby Food,Online,M,3/2/2011,586777913,3/14/2011,9479,255.28,159.42,2419799.12,1511142.18,908656.94
Asia,Laos,Office Supplies,Online,L,12/19/2011,802803885,1/6/2012,6365,651.21,524.96,4144951.65,3341370.40,803581.25
Europe,Poland,Meat,Offline,C,9/29/2011,273036706,11/1/2011,6484,421.89,364.69,2735534.76,2364649.96,370884.80
Middle East and North Africa,Libya,Personal Care,Online,H,12/22/2013,906900203,1/5/2014,778,81.73,56.67,63585.94,44089.26,19496.68
North America,Canada,Beverages,Offline,L,8/20/2015,634130704,9/20/2015,2222,47.45,31.79,105433.90,70637.38,34796.52
Asia,Japan,Clothes,Offline,L,12/20/2010,154777038,2/2/2011,820,109.28,35.84,89609.60,29388.80,60220.80
Middle East and North Africa,Qatar,Cosmetics,Offline,H,6/11/2010,689200532,7/2/2010,8608,437.20,263.33,3763417.60,2266744.64,1496672.96
Australia and Oceania,Tuvalu,Fruits,Offline,L,3/22/2014,828075015,4/17/2014,4653,9.33,6.92,43412.49,32198.76,11213.73
Asia,Singapore,Snacks,Offline,M,12/17/2015,582386815,1/15/2016,55,152.58,97.44,8391.90,5359.20,3032.70
Sub-Saharan Africa,Equatorial Guinea,Baby Food,Offline,L,3/5/2014,933434760,4/18/2014,2943,255.28,159.42,751289.04,469173.06,282115.98
Australia and Oceania,Nauru,Office Supplies,Offline,H,1/3/2016,682830178,2/15/2016,3479,651.21,524.96,2265559.59,1826335.84,439223.75
Middle East and North Africa,Libya,Beverages,Offline,H,9/28/2010,502496898,11/8/2010,8853,47.45,31.79,420074.85,281436.87,138637.98
Sub-Saharan Africa,Namibia,Baby Food,Online,C,6/10/2011,684671247,6/23/2011,8292,255.28,159.42,2116781.76,1321910.64,794871.12
Central America and the Caribbean,Belize,Office Supplies,Offline,H,4/19/2013,691902053,5/15/2013,8048,651.21,524.96,5240938.08,4224878.08,1016060.00
Asia,Indonesia,Meat,Online,L,7/31/2012,507050645,8/5/2012,6408,421.89,364.69,2703471.12,2336933.52,366537.60
Middle East and North Africa,Tunisia ,Clothes,Offline,H,5/26/2010,183290851,6/12/2010,8691,109.28,35.84,949752.48,311485.44,638267.04
Asia,Taiwan,Personal Care,Online,H,7/2/2016,294108998,8/14/2016,2243,81.73,56.67,183320.39,127110.81,56209.58
Australia and Oceania,Fiji,Cereal,Offline,C,3/16/2015,583303916,5/4/2015,1446,205.70,117.11,297442.20,169341.06,128101.14
Sub-Saharan Africa,South Sudan,Personal Care,Online,H,8/7/2014,414986932,8/23/2014,2710,81.73,56.67,221488.30,153575.70,67912.60
North America,Canada,Cosmetics,Offline,M,6/25/2012,123581874,7/8/2012,9478,437.20,263.33,4143781.60,2495841.74,1647939.86
Europe,Hungary,Clothes,Online,C,4/19/2015,563825070,5/14/2015,7223,109.28,35.84,789329.44,258872.32,530457.12
Middle East and North Africa,Saudi Arabia,Office Supplies,Offline,C,8/12/2011,860765349,9/1/2011,8450,651.21,524.96,5502724.50,4435912.00,1066812.50
Sub-Saharan Africa,Swaziland,Beverages,Offline,C,10/11/2013,659764039,11/13/2013,7695,47.45,31.79,365127.75,244624.05,120503.70
Europe,Portugal,Fruits,Offline,H,4/14/2016,576494967,5/21/2016,6527,9.33,6.92,60896.91,45166.84,15730.07
Australia and Oceania,Tuvalu,Snacks,Offline,L,9/8/2014,846944463,9/24/2014,8542,152.58,97.44,1303338.36,832332.48,471005.88
Sub-Saharan Africa,Swaziland,Meat,Offline,M,12/14/2016,877411353,1/30/2017,4372,421.89,364.69,1844503.08,1594424.68,250078.40
Europe,Russia,Clothes,Online,L,12/25/2016,594506967,1/8/2017,6678,109.28,35.84,729771.84,239339.52,490432.32
Europe,Montenegro,Cosmetics,Online,H,7/10/2013,895155131,8/24/2013,5151,437.20,263.33,2252017.20,1356412.83,895604.37
Europe,Italy,Baby Food,Online,C,12/16/2013,496592175,1/12/2014,1515,255.28,159.42,386749.20,241521.30,145227.90
Europe,Belarus,Household,Offline,H,5/18/2015,886366927,6/25/2015,4526,668.27,502.54,3024590.02,2274496.04,750093.98
Asia,Japan,Vegetables,Online,C,12/7/2015,472340714,12/24/2015,4969,154.06,90.93,765524.14,451831.17,313692.97
Sub-Saharan Africa,South Sudan,Fruits,Online,M,1/22/2011,432687366,3/9/2011,662,9.33,6.92,6176.46,4581.04,1595.42
Australia and Oceania,Papua New Guinea,Office Supplies,Offline,C,5/27/2012,665893208,6/8/2012,1453,651.21,524.96,946208.13,762766.88,183441.25
Sub-Saharan Africa,Seychelles ,Baby Food,Offline,M,9/27/2013,240757071,11/16/2013,4222,255.28,159.42,1077792.16,673071.24,404720.92
Australia and Oceania,Tuvalu,Clothes,Offline,M,6/26/2017,546390283,6/26/2017,7881,109.28,35.84,861235.68,282455.04,578780.64
Middle East and North Africa,Iran,Household,Offline,H,10/3/2015,342216670,11/19/2015,8372,668.27,502.54,5594756.44,4207264.88,1387491.56
Asia,Vietnam,Office Supplies,Online,C,11/19/2016,707972562,12/21/2016,3669,651.21,524.96,2389289.49,1926078.24,463211.25
Australia and Oceania,Vanuatu,Snacks,Online,H,5/4/2011,993706786,6/15/2011,8775,152.58,97.44,1338889.50,855036.00,483853.50
Sub-Saharan Africa,Equatorial Guinea,Vegetables,Online,M,5/11/2013,169780671,6/1/2013,728,154.06,90.93,112155.68,66197.04,45958.64
Sub-Saharan Africa,Ethiopia,Household,Offline,L,10/4/2011,876868045,10/9/2011,3595,668.27,502.54,2402430.65,1806631.30,595799.35
Europe,Croatia,Cosmetics,Offline,L,7/20/2011,875955235,9/2/2011,3475,437.20,263.33,1519270.00,915071.75,604198.25
Asia,Singapore,Fruits,Online,M,1/11/2015,698341071,2/1/2015,3496,9.33,6.92,32617.68,24192.32,8425.36
Sub-Saharan Africa,Burkina Faso,Fruits,Online,L,6/2/2010,495636880,7/10/2010,8822,9.33,6.92,82309.26,61048.24,21261.02
Australia and Oceania,Tuvalu,Office Supplies,Offline,M,7/1/2013,489766490,8/1/2013,1643,651.21,524.96,1069938.03,862509.28,207428.75
Sub-Saharan Africa,Sudan,Snacks,Offline,M,10/29/2010,522966229,11/1/2010,6184,152.58,97.44,943554.72,602568.96,340985.76
Central America and the Caribbean,Dominican Republic,Household,Offline,C,7/14/2016,507784926,8/28/2016,3699,668.27,502.54,2471930.73,1858895.46,613035.27
Middle East and North Africa,Qatar,Clothes,Online,H,7/12/2015,877083909,7/18/2015,7474,109.28,35.84,816758.72,267868.16,548890.56
Europe,Cyprus,Cosmetics,Offline,L,9/11/2012,334037005,10/12/2012,7828,437.20,263.33,3422401.60,2061347.24,1361054.36
Middle East and North Africa,Yemen,Household,Online,C,1/5/2014,802130544,1/26/2014,7108,668.27,502.54,4750063.16,3572054.32,1178008.84
Sub-Saharan Africa,Seychelles ,Cereal,Online,H,2/22/2015,675163352,3/16/2015,4694,205.70,117.11,965555.80,549714.34,415841.46
Sub-Saharan Africa,Liberia,Baby Food,Offline,H,10/28/2012,667246758,12/4/2012,1998,255.28,159.42,510049.44,318521.16,191528.28
Asia,Uzbekistan,Cosmetics,Online,M,3/20/2016,662804591,4/1/2016,7462,437.20,263.33,3262386.40,1964968.46,1297417.94
Sub-Saharan Africa,Seychelles ,Beverages,Offline,M,10/27/2012,166573178,10/31/2012,1560,47.45,31.79,74022.00,49592.40,24429.60
Europe,Czech Republic,Snacks,Offline,C,2/22/2010,553601348,3/3/2010,1796,152.58,97.44,274033.68,175002.24,99031.44
Sub-Saharan Africa,Guinea-Bissau,Fruits,Offline,L,10/2/2016,119250428,11/8/2016,7707,9.33,6.92,71906.31,53332.44,18573.87
Sub-Saharan Africa,Sao Tome and Principe,Personal Care,Online,C,10/10/2015,829194247,11/12/2015,5859,81.73,56.67,478856.07,332029.53,146826.54
Asia,Maldives,Clothes,Offline,C,2/13/2014,669419133,2/22/2014,4852,109.28,35.84,530226.56,173895.68,356330.88
Europe,Italy,Cosmetics,Online,M,12/23/2015,396223914,1/7/2016,316,437.20,263.33,138155.20,83212.28,54942.92
Central America and the Caribbean,Cuba,Clothes,Online,L,6/16/2011,386219918,6/28/2011,9911,109.28,35.84,1083074.08,355210.24,727863.84
Sub-Saharan Africa,Seychelles ,Personal Care,Online,H,8/30/2010,186330974,8/31/2010,8331,81.73,56.67,680892.63,472117.77,208774.86
Europe,Czech Republic,Meat,Offline,M,3/11/2017,763793408,4/26/2017,2298,421.89,364.69,969503.22,838057.62,131445.60
Europe,Norway,Vegetables,Online,M,10/11/2016,456156051,11/28/2016,5567,154.06,90.93,857652.02,506207.31,351444.71
Central America and the Caribbean,Haiti,Clothes,Offline,H,5/13/2011,821280229,6/5/2011,3925,109.28,35.84,428924.00,140672.00,288252.00
Central America and the Caribbean,Cuba,Meat,Online,C,4/24/2015,787339770,5/18/2015,189,421.89,364.69,79737.21,68926.41,10810.80
Asia,Bangladesh,Fruits,Online,C,10/4/2013,702821004,10/24/2013,9208,9.33,6.92,85910.64,63719.36,22191.28
Australia and Oceania,East Timor,Vegetables,Online,H,11/5/2011,986522758,11/19/2011,2862,154.06,90.93,440919.72,260241.66,180678.06
Europe,Austria,Vegetables,Online,H,10/9/2015,777556359,11/3/2015,5061,154.06,90.93,779697.66,460196.73,319500.93
Europe,Luxembourg,Personal Care,Online,H,11/13/2013,185345637,11/23/2013,6748,81.73,56.67,551514.04,382409.16,169104.88
Europe,United Kingdom,Fruits,Offline,L,9/7/2010,739626920,10/18/2010,897,9.33,6.92,8369.01,6207.24,2161.77
Middle East and North Africa,Oman,Household,Online,M,8/11/2015,440449035,9/2/2015,7512,668.27,502.54,5020044.24,3775080.48,1244963.76
Asia,Bangladesh,Snacks,Offline,C,5/23/2016,508173310,6/20/2016,8630,152.58,97.44,1316765.40,840907.20,475858.20
Sub-Saharan Africa,Guinea,Beverages,Offline,M,3/13/2013,433473575,3/31/2013,3318,47.45,31.79,157439.10,105479.22,51959.88
Europe,Austria,Clothes,Offline,M,10/29/2014,227336156,11/13/2014,2675,109.28,35.84,292324.00,95872.00,196452.00
Sub-Saharan Africa,Equatorial Guinea,Vegetables,Offline,L,3/21/2012,871059882,4/20/2012,4831,154.06,90.93,744263.86,439282.83,304981.03
Middle East and North Africa,Egypt,Office Supplies,Offline,H,7/9/2012,266256082,8/17/2012,9946,651.21,524.96,6476934.66,5221252.16,1255682.50
Asia,Kazakhstan,Clothes,Online,H,8/2/2012,884848582,8/5/2012,5214,109.28,35.84,569785.92,186869.76,382916.16
Sub-Saharan Africa,Chad,Beverages,Online,H,5/2/2010,319073712,5/3/2010,9857,47.45,31.79,467714.65,313354.03,154360.62
Sub-Saharan Africa,South Sudan,Household,Online,M,2/8/2016,731480300,3/25/2016,131,668.27,502.54,87543.37,65832.74,21710.63
Middle East and North Africa,Jordan,Fruits,Offline,H,1/7/2011,304929673,1/22/2011,4321,9.33,6.92,40314.93,29901.32,10413.61
Central America and the Caribbean,Trinidad and Tobago,Vegetables,Offline,C,4/30/2011,892595660,5/26/2011,7746,154.06,90.93,1193348.76,704343.78,489004.98
Middle East and North Africa,Iraq,Cereal,Offline,H,8/23/2011,367964589,8/30/2011,7754,205.70,117.11,1594997.80,908070.94,686926.86
Asia,South Korea,Snacks,Offline,H,6/1/2011,274835288,6/28/2011,8724,152.58,97.44,1331107.92,850066.56,481041.36
Europe,San Marino,Clothes,Offline,L,3/4/2011,877319085,3/19/2011,7068,109.28,35.84,772391.04,253317.12,519073.92
Asia,Bhutan,Beverages,Offline,M,4/13/2016,709839808,5/26/2016,6228,47.45,31.79,295518.60,197988.12,97530.48
Asia,Tajikistan,Vegetables,Offline,M,6/19/2010,627133786,7/30/2010,1678,154.06,90.93,258512.68,152580.54,105932.14
Sub-Saharan Africa,Burkina Faso,Cereal,Offline,L,8/1/2012,654249846,9/1/2012,5923,205.70,117.11,1218361.10,693642.53,524718.57
Europe,Moldova ,Beverages,Online,C,4/10/2012,436549317,5/27/2012,3499,47.45,31.79,166027.55,111233.21,54794.34
Europe,Spain,Household,Offline,L,8/6/2011,589706027,8/17/2011,5973,668.27,502.54,3991576.71,3001671.42,989905.29
Australia and Oceania,Kiribati,Baby Food,Offline,L,9/2/2013,449706304,9/11/2013,6944,255.28,159.42,1772664.32,1107012.48,665651.84
Middle East and North Africa,Afghanistan,Household,Online,H,5/1/2011,322848975,5/17/2011,7041,668.27,502.54,4705289.07,3538384.14,1166904.93
Europe,Norway,Cereal,Online,C,8/13/2013,135745370,8/30/2013,8926,205.70,117.11,1836078.20,1045323.86,790754.34
North America,United States of America,Snacks,Online,C,9/14/2011,785319316,10/24/2011,2292,152.58,97.44,349713.36,223332.48,126380.88
Asia,India,Fruits,Online,M,12/21/2012,988807141,1/11/2013,8861,9.33,6.92,82673.13,61318.12,21355.01
Sub-Saharan Africa,South Africa,Clothes,Offline,M,7/7/2014,433757674,8/16/2014,7390,109.28,35.84,807579.20,264857.60,542721.60
Australia and Oceania,New Zealand,Office Supplies,Offline,L,6/27/2014,228032243,8/1/2014,8663,651.21,524.96,5641432.23,4547728.48,1093703.75
North America,United States of America,Personal Care,Online,C,11/23/2015,649804675,12/29/2015,498,81.73,56.67,40701.54,28221.66,12479.88
Sub-Saharan Africa,Malawi,Fruits,Online,M,3/27/2015,697561299,4/30/2015,2745,9.33,6.92,25610.85,18995.40,6615.45
Middle East and North Africa,Turkey,Meat,Online,L,11/8/2013,340100944,11/18/2013,2282,421.89,364.69,962752.98,832222.58,130530.40
Europe,Georgia,Cosmetics,Offline,M,3/5/2014,966534936,3/12/2014,8021,437.20,263.33,3506781.20,2112169.93,1394611.27
Sub-Saharan Africa,Zimbabwe,Fruits,Offline,C,11/20/2015,436287105,11/27/2015,5904,9.33,6.92,55084.32,40855.68,14228.64
Sub-Saharan Africa,Benin,Vegetables,Offline,L,3/3/2012,729093778,3/8/2012,3906,154.06,90.93,601758.36,355172.58,246585.78
Sub-Saharan Africa,Chad,Fruits,Offline,L,3/19/2016,295003783,4/23/2016,7030,9.33,6.92,65589.90,48647.60,16942.30
Asia,Japan,Personal Care,Online,C,12/22/2011,804378449,2/2/2012,2313,81.73,56.67,189041.49,131077.71,57963.78
Asia,North Korea,Beverages,Online,C,12/20/2010,397891604,1/1/2011,3823,47.45,31.79,181401.35,121533.17,59868.18
Asia,India,Personal Care,Online,H,8/26/2010,436529576,10/9/2010,7657,81.73,56.67,625806.61,433922.19,191884.42
Central America and the Caribbean,Nicaragua,Cosmetics,Offline,C,4/24/2013,551591193,5/16/2013,6946,437.20,263.33,3036791.20,1829090.18,1207701.02
Europe,Malta,Snacks,Online,H,9/28/2014,894687783,11/15/2014,6852,152.58,97.44,1045478.16,667658.88,377819.28
Europe,Greece,Beverages,Online,C,7/31/2015,787743175,8/8/2015,9566,47.45,31.79,453906.70,304103.14,149803.56
Europe,Austria,Vegetables,Online,H,7/13/2017,972993695,7/18/2017,9311,154.06,90.93,1434452.66,846649.23,587803.43
Europe,Monaco,Meat,Online,C,1/3/2012,462988173,2/1/2012,7344,421.89,364.69,3098360.16,2678283.36,420076.80
Australia and Oceania,Australia,Cosmetics,Online,M,3/14/2014,590587937,4/14/2014,6950,437.20,263.33,3038540.00,1830143.50,1208396.50
Middle East and North Africa,United Arab Emirates,Vegetables,Online,C,11/11/2013,958966815,11/14/2013,8446,154.06,90.93,1301190.76,767994.78,533195.98
Sub-Saharan Africa,Seychelles ,Snacks,Offline,L,12/17/2016,791611135,2/5/2017,4181,152.58,97.44,637936.98,407396.64,230540.34
Europe,United Kingdom,Office Supplies,Online,H,8/5/2011,282319724,8/18/2011,3535,651.21,524.96,2302027.35,1855733.60,446293.75
Australia and Oceania,Australia,Clothes,Offline,M,3/17/2017,145203912,3/17/2017,7919,109.28,35.84,865388.32,283816.96,581571.36
Asia,Vietnam,Meat,Online,H,9/5/2012,264687526,9/10/2012,5776,421.89,364.69,2436836.64,2106449.44,330387.20
Middle East and North Africa,Afghanistan,Cereal,Online,M,10/20/2015,145506894,11/23/2015,7578,205.70,117.11,1558794.60,887459.58,671335.02
Europe,Belgium,Cosmetics,Offline,M,5/11/2011,262710845,6/14/2011,832,437.20,263.33,363750.40,219090.56,144659.84
Sub-Saharan Africa,Rwanda,Snacks,Online,M,6/27/2015,711660706,7/11/2015,5073,152.58,97.44,774038.34,494313.12,279725.22
Europe,Macedonia,Personal Care,Online,H,4/27/2011,758030307,5/18/2011,6868,81.73,56.67,561321.64,389209.56,172112.08
Central America and the Caribbean,The Bahamas,Personal Care,Online,L,5/4/2013,187805974,5/20/2013,4816,81.73,56.67,393611.68,272922.72,120688.96
Middle East and North Africa,Iraq,Beverages,Online,L,8/4/2010,657286536,9/22/2010,4547,47.45,31.79,215755.15,144549.13,71206.02
Asia,Nepal,Household,Online,L,11/24/2015,743083322,12/23/2015,3723,668.27,502.54,2487969.21,1870956.42,617012.79
Europe,Spain,Snacks,Online,L,8/25/2016,892120158,9/4/2016,7035,152.58,97.44,1073400.30,685490.40,387909.90
Europe,Slovenia,Vegetables,Online,L,6/10/2016,271633374,6/14/2016,1207,154.06,90.93,185950.42,109752.51,76197.91
Central America and the Caribbean,The Bahamas,Baby Food,Online,H,2/26/2016,819171798,3/10/2016,9994,255.28,159.42,2551268.32,1593243.48,958024.84
Asia,Laos,Office Supplies,Offline,L,2/26/2010,492596757,3/2/2010,9182,651.21,524.96,5979410.22,4820182.72,1159227.50
Sub-Saharan Africa,Lesotho,Meat,Online,C,10/22/2012,920082080,11/20/2012,1589,421.89,364.69,670383.21,579492.41,90890.80
Europe,Greece,Household,Online,C,10/28/2016,650114095,11/2/2016,2062,668.27,502.54,1377972.74,1036237.48,341735.26
Sub-Saharan Africa,Sao Tome and Principe,Meat,Offline,C,3/13/2012,101491630,4/20/2012,2483,421.89,364.69,1047552.87,905525.27,142027.60
Middle East and North Africa,Israel,Vegetables,Online,C,9/12/2012,213326013,10/28/2012,6763,154.06,90.93,1041907.78,614959.59,426948.19
Sub-Saharan Africa,Burundi,Clothes,Offline,L,3/27/2014,195041072,5/2/2014,5842,109.28,35.84,638413.76,209377.28,429036.48
Central America and the Caribbean,Costa Rica,Clothes,Online,C,10/11/2013,676373136,11/7/2013,2696,109.28,35.84,294618.88,96624.64,197994.24
Europe,Portugal,Clothes,Online,L,2/25/2013,557371032,3/26/2013,7329,109.28,35.84,800913.12,262671.36,538241.76
Sub-Saharan Africa,Nigeria,Household,Online,H,3/31/2015,158396089,4/13/2015,1777,668.27,502.54,1187515.79,893013.58,294502.21
Central America and the Caribbean,Grenada,Clothes,Online,M,8/24/2012,770122134,10/2/2012,5108,109.28,35.84,558202.24,183070.72,375131.52
North America,Canada,Snacks,Offline,M,3/2/2014,603535497,3/31/2014,8420,152.58,97.44,1284723.60,820444.80,464278.80
Sub-Saharan Africa,Liberia,Snacks,Online,C,9/26/2010,639935004,11/11/2010,9843,152.58,97.44,1501844.94,959101.92,542743.02
Europe,Netherlands,Personal Care,Online,M,1/30/2017,580931985,2/12/2017,9539,81.73,56.67,779622.47,540575.13,239047.34
Australia and Oceania,Federated States of Micronesia,Snacks,Offline,L,11/27/2014,198450267,1/11/2015,4699,152.58,97.44,716973.42,457870.56,259102.86
Central America and the Caribbean,Saint Kitts and Nevis ,Cereal,Offline,L,4/11/2017,684726178,4/28/2017,4547,205.70,117.11,935317.90,532499.17,402818.73
Middle East and North Africa,Tunisia ,Cosmetics,Offline,H,10/25/2011,602308547,12/8/2011,5339,437.20,263.33,2334210.80,1405918.87,928291.93
Europe,Luxembourg,Fruits,Offline,C,7/2/2017,834058701,7/5/2017,5359,9.33,6.92,49999.47,37084.28,12915.19
Asia,Thailand,Cereal,Offline,C,9/23/2012,533150470,10/5/2012,9927,205.70,117.11,2041983.90,1162550.97,879432.93
Europe,Bulgaria,Snacks,Offline,M,10/29/2014,273070180,12/18/2014,6389,152.58,97.44,974833.62,622544.16,352289.46
Middle East and North Africa,Tunisia ,Clothes,Offline,C,9/3/2015,697616660,10/6/2015,9127,109.28,35.84,997398.56,327111.68,670286.88
Asia,Uzbekistan,Cereal,Offline,L,10/16/2015,270901238,11/28/2015,4551,205.70,117.11,936140.70,532967.61,403173.09
North America,Mexico,Beverages,Offline,L,12/24/2012,227347743,2/12/2013,6104,47.45,31.79,289634.80,194046.16,95588.64
Australia and Oceania,Marshall Islands,Cosmetics,Online,C,9/5/2013,521692502,10/10/2013,9259,437.20,263.33,4048034.80,2438172.47,1609862.33
Middle East and North Africa,Israel,Baby Food,Offline,L,1/12/2014,278984344,2/1/2014,6522,255.28,159.42,1664936.16,1039737.24,625198.92
Asia,India,Cereal,Offline,M,3/31/2011,944584596,5/9/2011,2427,205.70,117.11,499233.90,284225.97,215007.93
Central America and the Caribbean,Grenada,Vegetables,Offline,L,12/13/2014,434167087,12/26/2014,8544,154.06,90.93,1316288.64,776905.92,539382.72
Australia and Oceania,Federated States of Micronesia,Office Supplies,Offline,H,2/16/2013,783718144,3/18/2013,8470,651.21,524.96,5515748.70,4446411.20,1069337.50
Europe,Russia,Baby Food,Offline,H,10/2/2013,499536597,10/15/2013,2835,255.28,159.42,723718.80,451955.70,271763.10
Europe,Slovenia,Personal Care,Offline,L,9/21/2010,408233773,11/9/2010,4300,81.73,56.67,351439.00,243681.00,107758.00
Sub-Saharan Africa,Republic of the Congo,Household,Online,H,5/9/2010,506733500,5/21/2010,2558,668.27,502.54,1709434.66,1285497.32,423937.34
Sub-Saharan Africa,Cote d'Ivoire,Household,Online,H,6/16/2012,412272107,7/30/2012,9333,668.27,502.54,6236963.91,4690205.82,1546758.09
Europe,Switzerland,Baby Food,Offline,C,2/16/2014,712398421,3/8/2014,3379,255.28,159.42,862591.12,538680.18,323910.94
Australia and Oceania,Marshall Islands,Clothes,Offline,C,7/7/2013,714973771,8/6/2013,5482,109.28,35.84,599072.96,196474.88,402598.08
Europe,Austria,Cosmetics,Offline,C,8/17/2013,698171985,8/21/2013,3460,437.20,263.33,1512712.00,911121.80,601590.20
Sub-Saharan Africa,Cape Verde,Vegetables,Online,C,12/18/2010,560479390,1/20/2011,7161,154.06,90.93,1103223.66,651149.73,452073.93
Sub-Saharan Africa,Comoros,Fruits,Online,C,6/12/2014,270694816,7/30/2014,3466,9.33,6.92,32337.78,23984.72,8353.06
Sub-Saharan Africa,Kenya,Snacks,Offline,L,5/5/2011,317929589,6/16/2011,1285,152.58,97.44,196065.30,125210.40,70854.90
Sub-Saharan Africa,Democratic Republic of the Congo,Baby Food,Offline,H,6/28/2016,361607539,8/14/2016,6561,255.28,159.42,1674892.08,1045954.62,628937.46
Middle East and North Africa,Tunisia ,Office Supplies,Online,L,7/4/2015,581464993,7/10/2015,7268,651.21,524.96,4732994.28,3815409.28,917585.00
Europe,San Marino,Beverages,Offline,L,12/29/2013,327550780,1/3/2014,8410,47.45,31.79,399054.50,267353.90,131700.60
Europe,Lithuania,Baby Food,Online,L,1/23/2011,370226228,3/5/2011,7023,255.28,159.42,1792831.44,1119606.66,673224.78
Europe,Malta,Vegetables,Offline,C,8/28/2010,650165164,10/14/2010,7175,154.06,90.93,1105380.50,652422.75,452957.75
Sub-Saharan Africa,Malawi,Fruits,Online,C,3/24/2010,728353917,4/14/2010,4965,9.33,6.92,46323.45,34357.80,11965.65
Middle East and North Africa,Oman,Vegetables,Online,L,1/25/2012,236091315,1/25/2012,3522,154.06,90.93,542599.32,320255.46,222343.86
Middle East and North Africa,Saudi Arabia,Personal Care,Online,C,12/19/2011,224988687,1/24/2012,8007,81.73,56.67,654412.11,453756.69,200655.42
Sub-Saharan Africa,Malawi,Meat,Online,C,7/25/2010,916969859,8/7/2010,613,421.89,364.69,258618.57,223554.97,35063.60
Sub-Saharan Africa,The Gambia,Cereal,Offline,M,2/19/2017,354271161,3/26/2017,5564,205.70,117.11,1144514.80,651600.04,492914.76
Europe,Estonia,Personal Care,Offline,H,7/11/2015,249441421,8/21/2015,4114,81.73,56.67,336237.22,233140.38,103096.84
Sub-Saharan Africa,Benin,Clothes,Online,C,5/7/2013,135341966,6/10/2013,9550,109.28,35.84,1043624.00,342272.00,701352.00
Middle East and North Africa,United Arab Emirates,Household,Online,L,7/3/2015,515146625,7/6/2015,2189,668.27,502.54,1462843.03,1100060.06,362782.97
Europe,United Kingdom,Cereal,Offline,L,10/22/2012,612341725,10/28/2012,4379,205.70,117.11,900760.30,512824.69,387935.61
Middle East and North Africa,Syria,Beverages,Offline,M,2/1/2016,620726096,3/6/2016,5501,47.45,31.79,261022.45,174876.79,86145.66
Asia,Taiwan,Household,Offline,C,6/29/2014,354411065,8/11/2014,6965,668.27,502.54,4654500.55,3500191.10,1154309.45
Middle East and North Africa,Morocco,Cereal,Offline,C,3/10/2017,597820460,4/5/2017,7214,205.70,117.11,1483919.80,844831.54,639088.26
Europe,Spain,Meat,Online,L,9/5/2011,855690610,10/18/2011,6722,421.89,364.69,2835944.58,2451446.18,384498.40
Europe,Estonia,Personal Care,Offline,C,1/14/2013,703070342,2/21/2013,2993,81.73,56.67,244617.89,169613.31,75004.58
Australia and Oceania,Samoa ,Personal Care,Offline,L,9/10/2014,235320985,9/30/2014,5564,81.73,56.67,454745.72,315311.88,139433.84
Asia,South Korea,Snacks,Online,C,11/29/2014,518116366,1/6/2015,1001,152.58,97.44,152732.58,97537.44,55195.14
Asia,Philippines,Meat,Online,C,1/12/2013,437442815,1/13/2013,7905,421.89,364.69,3335040.45,2882874.45,452166.00
Asia,Indonesia,Snacks,Online,M,4/1/2013,749599158,4/10/2013,1904,152.58,97.44,290512.32,185525.76,104986.56
Sub-Saharan Africa,Benin,Clothes,Online,C,3/28/2013,931196725,4/21/2013,659,109.28,35.84,72015.52,23618.56,48396.96
Middle East and North Africa,Lebanon,Vegetables,Online,M,7/15/2015,529159343,8/31/2015,8863,154.06,90.93,1365433.78,805912.59,559521.19
Sub-Saharan Africa,Cote d'Ivoire,Vegetables,Online,H,3/1/2016,510723340,4/11/2016,3241,154.06,90.93,499308.46,294704.13,204604.33
Sub-Saharan Africa,Djibouti,Snacks,Offline,H,1/3/2016,113437545,1/10/2016,7545,152.58,97.44,1151216.10,735184.80,416031.30
Central America and the Caribbean,Dominica,Vegetables,Offline,M,12/29/2016,895163285,1/11/2017,7563,154.06,90.93,1165155.78,687703.59,477452.19
Asia,North Korea,Household,Offline,M,10/12/2010,884074389,10/23/2010,6113,668.27,502.54,4085134.51,3072027.02,1013107.49
Sub-Saharan Africa,Liberia,Fruits,Online,H,10/16/2012,428657186,11/3/2012,8042,9.33,6.92,75031.86,55650.64,19381.22
Sub-Saharan Africa,Nigeria,Snacks,Offline,C,1/9/2013,847710502,2/18/2013,5230,152.58,97.44,797993.40,509611.20,288382.20
Asia,Vietnam,Personal Care,Online,L,2/6/2010,380345666,3/23/2010,1590,81.73,56.67,129950.70,90105.30,39845.40
Asia,Cambodia,Cereal,Offline,M,1/28/2015,935986506,3/8/2015,8062,205.70,117.11,1658353.40,944140.82,714212.58
Sub-Saharan Africa,Cameroon,Office Supplies,Online,M,5/7/2017,444369351,6/19/2017,7621,651.21,524.96,4962871.41,4000720.16,962151.25
Sub-Saharan Africa,Ghana,Baby Food,Online,H,3/3/2011,505543029,3/17/2011,271,255.28,159.42,69180.88,43202.82,25978.06
Sub-Saharan Africa,Equatorial Guinea,Household,Online,M,7/27/2014,539868867,8/22/2014,8050,668.27,502.54,5379573.50,4045447.00,1334126.50
Europe,Sweden,Clothes,Offline,C,7/27/2012,938020694,9/2/2012,23,109.28,35.84,2513.44,824.32,1689.12
Sub-Saharan Africa,Nigeria,Cereal,Offline,C,12/23/2013,810984838,1/13/2014,7290,205.70,117.11,1499553.00,853731.90,645821.10
Sub-Saharan Africa,Zambia,Personal Care,Online,H,4/20/2017,240060126,5/29/2017,7981,81.73,56.67,652287.13,452283.27,200003.86
Sub-Saharan Africa,Lesotho,Beverages,Online,C,7/17/2014,726857888,8/1/2014,2256,47.45,31.79,107047.20,71718.24,35328.96
Sub-Saharan Africa,Zimbabwe,Cereal,Online,H,2/15/2010,243301951,3/1/2010,7309,205.70,117.11,1503461.30,855956.99,647504.31
Central America and the Caribbean,Saint Kitts and Nevis ,Office Supplies,Offline,M,2/12/2017,881628644,2/22/2017,2362,651.21,524.96,1538158.02,1239955.52,298202.50
Sub-Saharan Africa,Cameroon,Clothes,Offline,H,7/27/2015,304386794,8/16/2015,3671,109.28,35.84,401166.88,131568.64,269598.24
Sub-Saharan Africa,Cape Verde,Meat,Online,C,11/19/2016,294437730,12/9/2016,9522,421.89,364.69,4017236.58,3472578.18,544658.40
Sub-Saharan Africa,Angola,Cereal,Offline,M,8/9/2014,904955279,9/5/2014,5232,205.70,117.11,1076222.40,612719.52,463502.88
Europe,Spain,Clothes,Offline,C,11/29/2010,909425771,12/19/2010,8150,109.28,35.84,890632.00,292096.00,598536.00
Europe,Sweden,Snacks,Online,L,10/30/2012,951648032,11/16/2012,2655,152.58,97.44,405099.90,258703.20,146396.70
Sub-Saharan Africa,Senegal,Personal Care,Online,L,4/24/2013,395733392,6/12/2013,5160,81.73,56.67,421726.80,292417.20,129309.60
Asia,Vietnam,Baby Food,Online,H,2/25/2010,476105678,4/1/2010,9105,255.28,159.42,2324324.40,1451519.10,872805.30
Sub-Saharan Africa,Mozambique,Cosmetics,Online,C,5/14/2017,247501218,5/21/2017,9965,437.20,263.33,4356698.00,2624083.45,1732614.55
Sub-Saharan Africa,The Gambia,Baby Food,Offline,H,12/14/2015,634968841,1/20/2016,245,255.28,159.42,62543.60,39057.90,23485.70
Sub-Saharan Africa,Cape Verde,Office Supplies,Online,H,9/8/2010,383869874,9/16/2010,4481,651.21,524.96,2918072.01,2352345.76,565726.25
Sub-Saharan Africa,Guinea,Cosmetics,Online,C,3/17/2011,109878146,5/1/2011,4240,437.20,263.33,1853728.00,1116519.20,737208.80
Asia,Cambodia,Beverages,Online,C,1/21/2013,948979985,2/19/2013,3121,47.45,31.79,148091.45,99216.59,48874.86
Sub-Saharan Africa,Senegal,Meat,Offline,M,8/25/2016,507474219,10/2/2016,1754,421.89,364.69,739995.06,639666.26,100328.80
Central America and the Caribbean,Grenada,Cosmetics,Offline,M,11/16/2015,511972177,11/23/2015,2799,437.20,263.33,1223722.80,737060.67,486662.13
Australia and Oceania,Federated States of Micronesia,Clothes,Online,M,1/19/2017,959397685,2/1/2017,5950,109.28,35.84,650216.00,213248.00,436968.00
Europe,Slovenia,Vegetables,Online,H,6/2/2012,566987073,7/17/2012,2929,154.06,90.93,451241.74,266333.97,184907.77
Middle East and North Africa,Morocco,Office Supplies,Online,L,3/19/2014,822289168,4/16/2014,2493,651.21,524.96,1623466.53,1308725.28,314741.25
Australia and Oceania,Tuvalu,Cosmetics,Online,M,1/6/2013,133165299,1/9/2013,5426,437.20,263.33,2372247.20,1428828.58,943418.62
Asia,Mongolia,Beverages,Online,C,11/2/2011,577789294,11/2/2011,9547,47.45,31.79,453005.15,303499.13,149506.02
Central America and the Caribbean,Saint Vincent and the Grenadines,Meat,Online,C,9/27/2014,254647481,10/8/2014,4703,421.89,364.69,1984148.67,1715137.07,269011.60
Middle East and North Africa,Qatar,Cosmetics,Online,L,7/5/2015,932538688,7/19/2015,7776,437.20,263.33,3399667.20,2047654.08,1352013.12
Middle East and North Africa,Yemen,Personal Care,Online,H,7/20/2016,400574243,7/24/2016,7675,81.73,56.67,627277.75,434942.25,192335.50
Central America and the Caribbean,Dominica,Beverages,Offline,M,7/26/2017,118177974,8/8/2017,343,47.45,31.79,16275.35,10903.97,5371.38
Sub-Saharan Africa,Tanzania,Household,Online,C,9/27/2011,265086209,11/2/2011,3755,668.27,502.54,2509353.85,1887037.70,622316.15
Europe,Croatia,Clothes,Online,L,3/31/2012,191347777,4/5/2012,2914,109.28,35.84,318441.92,104437.76,214004.16
Sub-Saharan Africa,Niger,Household,Online,L,8/15/2010,667324006,9/2/2010,4858,668.27,502.54,3246455.66,2441339.32,805116.34
Sub-Saharan Africa,Sao Tome and Principe,Baby Food,Offline,C,10/25/2010,733688724,11/3/2010,3652,255.28,159.42,932282.56,582201.84,350080.72
Central America and the Caribbean,Saint Kitts and Nevis ,Cosmetics,Offline,H,4/11/2010,851428258,5/8/2010,5397,437.20,263.33,2359568.40,1421192.01,938376.39
Sub-Saharan Africa,South Africa,Personal Care,Online,L,4/18/2011,651841437,4/26/2011,3222,81.73,56.67,263334.06,182590.74,80743.32
Asia,Singapore,Personal Care,Online,H,3/27/2017,286539590,3/28/2017,2287,81.73,56.67,186916.51,129604.29,57312.22
Europe,Belgium,Vegetables,Offline,H,8/5/2013,877446544,9/21/2013,4786,154.06,90.93,737331.16,435190.98,302140.18
Europe,Austria,Cereal,Offline,L,3/20/2017,466798627,5/2/2017,4942,205.70,117.11,1016569.40,578757.62,437811.78
Europe,Bosnia and Herzegovina,Snacks,Online,L,12/11/2011,767144668,1/11/2012,4010,152.58,97.44,611845.80,390734.40,221111.40
Europe,Serbia,Meat,Offline,L,12/19/2012,411345994,1/2/2013,5275,421.89,364.69,2225469.75,1923739.75,301730.00
Europe,Czech Republic,Fruits,Offline,L,1/15/2010,802576434,2/17/2010,9057,9.33,6.92,84501.81,62674.44,21827.37
Middle East and North Africa,Somalia,Personal Care,Online,C,9/14/2016,264322316,10/25/2016,7702,81.73,56.67,629484.46,436472.34,193012.12
Asia,India,Personal Care,Offline,C,6/24/2013,790382468,7/26/2013,591,81.73,56.67,48302.43,33491.97,14810.46
Europe,Hungary,Clothes,Online,C,4/1/2012,394868218,4/13/2012,9136,109.28,35.84,998382.08,327434.24,670947.84
Europe,Finland,Clothes,Online,H,8/6/2014,762203395,8/31/2014,1777,109.28,35.84,194190.56,63687.68,130502.88
Sub-Saharan Africa,Zambia,Cereal,Online,M,8/9/2015,497124326,9/7/2015,8990,205.70,117.11,1849243.00,1052818.90,796424.10
Europe,Montenegro,Fruits,Offline,C,3/13/2015,974679839,4/1/2015,8279,9.33,6.92,77243.07,57290.68,19952.39
Middle East and North Africa,Iran,Meat,Online,H,5/16/2014,490231263,5/20/2014,9180,421.89,364.69,3872950.20,3347854.20,525096.00
Sub-Saharan Africa,Gabon,Fruits,Online,C,5/28/2011,109452426,6/30/2011,8260,9.33,6.92,77065.80,57159.20,19906.60
Sub-Saharan Africa,Chad,Household,Offline,M,3/15/2013,518329656,3/29/2013,4118,668.27,502.54,2751935.86,2069459.72,682476.14
Australia and Oceania,Federated States of Micronesia,Beverages,Online,H,5/19/2016,673161780,7/7/2016,2385,47.45,31.79,113168.25,75819.15,37349.10
Europe,Bosnia and Herzegovina,Baby Food,Online,M,1/21/2011,950560128,3/10/2011,720,255.28,159.42,183801.60,114782.40,69019.20
Australia and Oceania,Palau,Beverages,Online,M,11/24/2014,897448527,12/6/2014,3817,47.45,31.79,181116.65,121342.43,59774.22
Asia,China,Personal Care,Online,C,5/12/2016,581063306,5/17/2016,8400,81.73,56.67,686532.00,476028.00,210504.00
Australia and Oceania,Palau,Snacks,Offline,L,4/29/2016,138953292,5/29/2016,8222,152.58,97.44,1254512.76,801151.68,453361.08
Middle East and North Africa,Bahrain,Office Supplies,Offline,L,9/24/2016,228979814,9/25/2016,9070,651.21,524.96,5906474.70,4761387.20,1145087.50
Europe,Ireland,Baby Food,Offline,M,10/18/2016,679316699,11/9/2016,3762,255.28,159.42,960363.36,599738.04,360625.32
Europe,Andorra,Cereal,Offline,C,10/21/2016,938450276,10/31/2016,7146,205.70,117.11,1469932.20,836868.06,633064.14
Sub-Saharan Africa,Swaziland,Fruits,Online,H,4/28/2014,525179374,5/18/2014,1102,9.33,6.92,10281.66,7625.84,2655.82
Middle East and North Africa,Azerbaijan,Baby Food,Online,C,7/20/2015,378615319,8/10/2015,9541,255.28,159.42,2435626.48,1521026.22,914600.26
Europe,Luxembourg,Personal Care,Online,M,5/22/2016,608181941,6/11/2016,3406,81.73,56.67,278372.38,193018.02,85354.36
Sub-Saharan Africa,Sierra Leone,Vegetables,Offline,M,10/26/2013,943615567,12/1/2013,5670,154.06,90.93,873520.20,515573.10,357947.10
Asia,Turkmenistan,Office Supplies,Offline,H,3/25/2017,284965026,4/22/2017,6339,651.21,524.96,4128020.19,3327721.44,800298.75
Sub-Saharan Africa,Central African Republic,Beverages,Online,M,5/14/2014,752591645,5/31/2014,7447,47.45,31.79,353360.15,236740.13,116620.02
Europe,Romania,Baby Food,Online,L,12/19/2012,937169253,1/1/2013,8063,255.28,159.42,2058322.64,1285403.46,772919.18
Middle East and North Africa,Libya,Meat,Online,L,4/7/2014,849684178,5/18/2014,9285,421.89,364.69,3917248.65,3386146.65,531102.00
Asia,Nepal,Office Supplies,Online,H,10/7/2016,571435248,10/17/2016,9243,651.21,524.96,6019134.03,4852205.28,1166928.75
Middle East and North Africa,Jordan,Meat,Online,C,6/23/2012,704033792,8/8/2012,8099,421.89,364.69,3416887.11,2953624.31,463262.80
Australia and Oceania,Marshall Islands,Meat,Offline,H,5/23/2013,119403636,6/3/2013,3044,421.89,364.69,1284233.16,1110116.36,174116.80
Sub-Saharan Africa,Central African Republic,Beverages,Online,M,6/7/2017,909781110,7/10/2017,3303,47.45,31.79,156727.35,105002.37,51724.98
Middle East and North Africa,Jordan,Personal Care,Online,M,3/22/2012,737715041,4/15/2012,5129,81.73,56.67,419193.17,290660.43,128532.74
Asia,Indonesia,Snacks,Offline,M,9/27/2016,486066758,10/12/2016,6810,152.58,97.44,1039069.80,663566.40,375503.40
Middle East and North Africa,Turkey,Cosmetics,Online,C,12/15/2016,208010089,1/4/2017,3663,437.20,263.33,1601463.60,964577.79,636885.81
Sub-Saharan Africa,Ethiopia,Snacks,Online,C,1/16/2015,477031362,2/4/2015,3035,152.58,97.44,463080.30,295730.40,167349.90
Sub-Saharan Africa,Mauritius ,Cosmetics,Offline,C,6/18/2010,136929404,7/17/2010,9308,437.20,263.33,4069457.60,2451075.64,1618381.96
Central America and the Caribbean,Saint Lucia,Fruits,Offline,H,4/22/2011,351815545,5/25/2011,8893,9.33,6.92,82971.69,61539.56,21432.13
Sub-Saharan Africa,Malawi,Vegetables,Online,H,5/16/2015,556113612,7/3/2015,5231,154.06,90.93,805887.86,475654.83,330233.03
Sub-Saharan Africa,Ghana,Vegetables,Offline,H,12/15/2013,704559934,12/22/2013,3796,154.06,90.93,584811.76,345170.28,239641.48
Europe,Italy,Fruits,Online,L,10/10/2010,822203338,11/12/2010,7094,9.33,6.92,66187.02,49090.48,17096.54
Europe,Macedonia,Beverages,Offline,M,8/9/2010,554405152,8/15/2010,9660,47.45,31.79,458367.00,307091.40,151275.60
Australia and Oceania,Vanuatu,Cosmetics,Offline,M,7/5/2015,516839206,7/7/2015,3061,437.20,263.33,1338269.20,806053.13,532216.07
Middle East and North Africa,Algeria,Household,Offline,C,6/18/2013,945491826,6/24/2013,897,668.27,502.54,599438.19,450778.38,148659.81
Europe,Bosnia and Herzegovina,Cosmetics,Offline,C,6/12/2012,346661841,7/24/2012,3797,437.20,263.33,1660048.40,999864.01,660184.39
Sub-Saharan Africa,Guinea,Cereal,Online,L,12/5/2013,446960580,1/19/2014,4423,205.70,117.11,909811.10,517977.53,391833.57
Middle East and North Africa,Somalia,Beverages,Offline,M,8/25/2016,343311870,10/7/2016,2466,47.45,31.79,117011.70,78394.14,38617.56
Europe,Croatia,Cosmetics,Offline,L,11/7/2012,552952039,11/30/2012,9651,437.20,263.33,4219417.20,2541397.83,1678019.37
Australia and Oceania,Solomon Islands,Cereal,Online,L,10/10/2014,763429915,10/24/2014,4732,205.70,117.11,973372.40,554164.52,419207.88
Asia,Philippines,Beverages,Online,H,12/28/2012,282606828,1/2/2013,8495,47.45,31.79,403087.75,270056.05,133031.70
Australia and Oceania,Marshall Islands,Snacks,Offline,M,7/8/2010,288656604,8/2/2010,8759,152.58,97.44,1336448.22,853476.96,482971.26
Sub-Saharan Africa,Benin,Beverages,Online,H,6/2/2011,680065572,6/18/2011,5370,47.45,31.79,254806.50,170712.30,84094.20
Sub-Saharan Africa,Mauritania,Fruits,Online,L,1/16/2017,525632560,1/24/2017,5210,9.33,6.92,48609.30,36053.20,12556.10
Sub-Saharan Africa,Mauritius ,Personal Care,Online,C,8/30/2014,314468896,10/15/2014,7189,81.73,56.67,587556.97,407400.63,180156.34
Europe,Switzerland,Cereal,Online,H,7/18/2011,605998408,7/26/2011,7250,205.70,117.11,1491325.00,849047.50,642277.50
Central America and the Caribbean,Guatemala,Cosmetics,Online,M,1/7/2016,679957425,2/20/2016,3367,437.20,263.33,1472052.40,886632.11,585420.29
Middle East and North Africa,Morocco,Snacks,Online,H,12/21/2010,786394774,1/23/2011,544,152.58,97.44,83003.52,53007.36,29996.16
Europe,Denmark,Meat,Offline,H,8/28/2010,795671784,9/20/2010,5817,421.89,364.69,2454134.13,2121401.73,332732.40
Europe,France,Snacks,Online,H,6/14/2011,648462283,6/14/2011,3255,152.58,97.44,496647.90,317167.20,179480.70
North America,Mexico,Cosmetics,Online,M,10/19/2010,805752599,10/30/2010,8954,437.20,263.33,3914688.80,2357856.82,1556831.98
Central America and the Caribbean,Dominica,Cereal,Offline,H,12/30/2010,898841559,2/12/2011,6047,205.70,117.11,1243867.90,708164.17,535703.73
Asia,Japan,Household,Offline,L,5/29/2015,179340493,7/15/2015,9692,668.27,502.54,6476872.84,4870617.68,1606255.16
Sub-Saharan Africa,Senegal,Office Supplies,Offline,C,2/4/2017,669173228,2/11/2017,2084,651.21,524.96,1357121.64,1094016.64,263105.00
Sub-Saharan Africa,South Sudan,Cosmetics,Offline,M,3/13/2010,410576093,4/11/2010,7445,437.20,263.33,3254954.00,1960491.85,1294462.15
Europe,Estonia,Fruits,Offline,L,5/28/2016,216097915,7/17/2016,7030,9.33,6.92,65589.90,48647.60,16942.30
Europe,Germany,Meat,Offline,L,1/22/2013,518600022,2/14/2013,4126,421.89,364.69,1740718.14,1504710.94,236007.20
Europe,Norway,Beverages,Offline,C,8/17/2012,921256244,9/25/2012,9050,47.45,31.79,429422.50,287699.50,141723.00
Asia,China,Vegetables,Offline,M,7/2/2013,647552907,7/5/2013,4150,154.06,90.93,639349.00,377359.50,261989.50
Sub-Saharan Africa,South Africa,Meat,Offline,L,5/7/2011,791288840,5/15/2011,8807,421.89,364.69,3715585.23,3211824.83,503760.40
Sub-Saharan Africa,Burundi,Cereal,Online,C,6/24/2010,266575372,7/4/2010,4431,205.70,117.11,911456.70,518914.41,392542.29
North America,Canada,Household,Offline,L,6/24/2012,757836329,6/26/2012,9466,668.27,502.54,6325843.82,4757043.64,1568800.18
Europe,Italy,Snacks,Offline,H,6/5/2012,869808042,7/19/2012,4383,152.58,97.44,668758.14,427079.52,241678.62
Central America and the Caribbean,Grenada,Cereal,Online,M,4/3/2010,177539336,5/1/2010,6690,205.70,117.11,1376133.00,783465.90,592667.10
Europe,Moldova ,Household,Offline,C,7/11/2014,576391541,7/27/2014,5921,668.27,502.54,3956826.67,2975539.34,981287.33
Europe,Switzerland,Beverages,Online,C,12/11/2015,432038486,12/16/2015,8644,47.45,31.79,410157.80,274792.76,135365.04
Europe,Hungary,Baby Food,Offline,H,11/4/2013,430466496,11/9/2013,3457,255.28,159.42,882502.96,551114.94,331388.02
Australia and Oceania,Fiji,Fruits,Online,L,6/1/2012,427974402,6/17/2012,5991,9.33,6.92,55896.03,41457.72,14438.31
Asia,Bangladesh,Office Supplies,Online,H,12/1/2016,801173532,1/20/2017,3907,651.21,524.96,2544277.47,2051018.72,493258.75
Sub-Saharan Africa,Lesotho,Clothes,Offline,C,9/25/2014,196987712,9/30/2014,1896,109.28,35.84,207194.88,67952.64,139242.24
Europe,Ireland,Baby Food,Online,C,1/12/2017,482653272,3/2/2017,6684,255.28,159.42,1706291.52,1065563.28,640728.24
Middle East and North Africa,United Arab Emirates,Cereal,Offline,M,2/14/2017,895719039,3/17/2017,2023,205.70,117.11,416131.10,236913.53,179217.57
Sub-Saharan Africa,Malawi,Household,Offline,C,12/11/2016,294046342,12/28/2016,3702,668.27,502.54,2473935.54,1860403.08,613532.46
Sub-Saharan Africa,Guinea-Bissau,Meat,Online,M,9/18/2015,305809009,9/29/2015,4536,421.89,364.69,1913693.04,1654233.84,259459.20
Sub-Saharan Africa,Mozambique,Cereal,Offline,L,9/20/2013,379493367,10/20/2013,9375,205.70,117.11,1928437.50,1097906.25,830531.25
Asia,Bangladesh,Baby Food,Online,C,2/4/2016,933898246,3/4/2016,99,255.28,159.42,25272.72,15782.58,9490.14
Middle East and North Africa,Somalia,Personal Care,Online,M,11/23/2013,208134973,12/19/2013,618,81.73,56.67,50509.14,35022.06,15487.08
Sub-Saharan Africa,South Africa,Vegetables,Online,L,8/9/2010,111627376,9/7/2010,1876,154.06,90.93,289016.56,170584.68,118431.88
Asia,Sri Lanka,Vegetables,Online,L,10/5/2010,374111783,10/12/2010,6845,154.06,90.93,1054540.70,622415.85,432124.85
Central America and the Caribbean,The Bahamas,Baby Food,Offline,H,3/11/2016,795637023,3/30/2016,5531,255.28,159.42,1411953.68,881752.02,530201.66
Sub-Saharan Africa,Cote d'Ivoire,Vegetables,Online,M,8/21/2014,796564424,9/27/2014,9969,154.06,90.93,1535824.14,906481.17,629342.97
Europe,Slovakia,Office Supplies,Offline,L,11/2/2013,767567813,11/20/2013,9228,651.21,524.96,6009365.88,4844330.88,1165035.00
Central America and the Caribbean,Saint Kitts and Nevis ,Cosmetics,Online,L,1/9/2015,719633519,2/17/2015,4405,437.20,263.33,1925866.00,1159968.65,765897.35
Europe,Finland,Meat,Online,H,9/14/2016,734060370,9/23/2016,3631,421.89,364.69,1531882.59,1324189.39,207693.20
Central America and the Caribbean,Trinidad and Tobago,Fruits,Online,C,11/19/2010,512459695,11/23/2010,7067,9.33,6.92,65935.11,48903.64,17031.47
Asia,Indonesia,Cereal,Offline,M,2/17/2017,726755321,3/26/2017,1904,205.70,117.11,391652.80,222977.44,168675.36
Sub-Saharan Africa,Mozambique,Household,Online,C,8/25/2010,769183576,9/27/2010,7368,668.27,502.54,4923813.36,3702714.72,1221098.64
Sub-Saharan Africa,Ethiopia,Household,Offline,C,12/3/2016,102293288,12/9/2016,9712,668.27,502.54,6490238.24,4880668.48,1609569.76
Europe,Montenegro,Office Supplies,Online,H,1/26/2017,508945786,3/5/2017,7223,651.21,524.96,4703689.83,3791786.08,911903.75
Sub-Saharan Africa,Zambia,Meat,Online,C,3/15/2012,242314898,4/25/2012,5218,421.89,364.69,2201422.02,1902952.42,298469.60
Asia,Laos,Cereal,Offline,H,1/28/2012,775886952,3/14/2012,1046,205.70,117.11,215162.20,122497.06,92665.14
Middle East and North Africa,Kuwait,Household,Online,M,2/20/2016,953460776,3/11/2016,9087,668.27,502.54,6072569.49,4566580.98,1505988.51
Europe,Slovenia,Cosmetics,Online,H,5/6/2017,139147698,6/20/2017,5751,437.20,263.33,2514337.20,1514410.83,999926.37
Europe,Vatican City,Snacks,Offline,H,6/28/2013,467371547,8/6/2013,4482,152.58,97.44,683863.56,436726.08,247137.48
Sub-Saharan Africa,Guinea,Household,Online,L,1/7/2011,992868649,2/12/2011,752,668.27,502.54,502539.04,377910.08,124628.96
Asia,Mongolia,Household,Offline,L,8/22/2013,840687835,8/27/2013,7067,668.27,502.54,4722664.09,3551450.18,1171213.91
Middle East and North Africa,Libya,Household,Offline,L,12/29/2010,556190431,1/31/2011,7963,668.27,502.54,5321434.01,4001726.02,1319707.99
Europe,Austria,Office Supplies,Online,M,9/16/2012,755050265,10/26/2012,5007,651.21,524.96,3260608.47,2628474.72,632133.75
Europe,Georgia,Household,Offline,M,5/5/2014,773253667,5/16/2014,1798,668.27,502.54,1201549.46,903566.92,297982.54
Sub-Saharan Africa,Mauritius ,Cereal,Online,C,4/16/2016,917099463,5/9/2016,8966,205.70,117.11,1844306.20,1050008.26,794297.94
Asia,Bangladesh,Cereal,Online,H,6/14/2012,213198983,6/24/2012,9172,205.70,117.11,1886680.40,1074132.92,812547.48
Central America and the Caribbean,El Salvador,Vegetables,Online,M,9/20/2016,458476054,9/20/2016,2108,154.06,90.93,324758.48,191680.44,133078.04
Middle East and North Africa,Libya,Cosmetics,Offline,M,10/5/2013,370167005,11/5/2013,9497,437.20,263.33,4152088.40,2500845.01,1651243.39
Sub-Saharan Africa,Mali,Beverages,Offline,C,10/22/2015,535820662,11/20/2015,96,47.45,31.79,4555.20,3051.84,1503.36
Europe,Albania,Clothes,Offline,H,6/10/2013,263298356,7/15/2013,4689,109.28,35.84,512413.92,168053.76,344360.16
Sub-Saharan Africa,Sierra Leone,Beverages,Online,M,3/30/2017,730773913,4/27/2017,1095,47.45,31.79,51957.75,34810.05,17147.70
Sub-Saharan Africa,Ethiopia,Meat,Online,L,2/21/2016,936733663,2/21/2016,9162,421.89,364.69,3865356.18,3341289.78,524066.40
Europe,Poland,Meat,Online,C,6/24/2011,849976432,7/25/2011,5769,421.89,364.69,2433883.41,2103896.61,329986.80
Europe,Moldova ,Snacks,Offline,H,4/1/2013,959613549,4/15/2013,9829,152.58,97.44,1499708.82,957737.76,541971.06
Europe,Spain,Vegetables,Online,H,7/27/2013,925068843,8/28/2013,7283,154.06,90.93,1122018.98,662243.19,459775.79
Europe,Iceland,Snacks,Offline,H,3/13/2013,926078641,4/11/2013,6104,152.58,97.44,931348.32,594773.76,336574.56
Middle East and North Africa,Iran,Cereal,Online,C,3/4/2010,312691771,4/11/2010,1299,205.70,117.11,267204.30,152125.89,115078.41
Sub-Saharan Africa,Sudan,Meat,Offline,C,3/1/2011,755269563,3/7/2011,9902,421.89,364.69,4177554.78,3611160.38,566394.40
Sub-Saharan Africa,Togo,Snacks,Online,C,7/22/2012,394485843,8/10/2012,5982,152.58,97.44,912733.56,582886.08,329847.48
Europe,Sweden,Office Supplies,Offline,H,10/17/2011,591326940,11/10/2011,5637,651.21,524.96,3670870.77,2959199.52,711671.25
Europe,Greece,Clothes,Offline,C,3/4/2011,977091681,3/11/2011,1997,109.28,35.84,218232.16,71572.48,146659.68
Asia,Indonesia,Baby Food,Offline,M,1/19/2014,803391396,2/7/2014,222,255.28,159.42,56672.16,35391.24,21280.92
Europe,San Marino,Personal Care,Offline,C,7/1/2013,292149913,8/17/2013,2506,81.73,56.67,204815.38,142015.02,62800.36
North America,Canada,Meat,Offline,M,3/22/2011,185603559,5/4/2011,3072,421.89,364.69,1296046.08,1120327.68,175718.40
Europe,Moldova ,Snacks,Offline,C,10/9/2013,396301162,11/25/2013,3175,152.58,97.44,484441.50,309372.00,175069.50
Europe,Belarus,Household,Online,H,8/17/2013,457104051,8/26/2013,6101,668.27,502.54,4077115.27,3065996.54,1011118.73
Central America and the Caribbean,Saint Kitts and Nevis ,Snacks,Offline,L,9/8/2015,871186053,10/2/2015,2168,152.58,97.44,330793.44,211249.92,119543.52
Sub-Saharan Africa,South Africa,Cosmetics,Online,H,10/8/2010,862033498,11/22/2010,3723,437.20,263.33,1627695.60,980377.59,647318.01
Sub-Saharan Africa,Lesotho,Personal Care,Offline,C,4/5/2017,623445212,4/18/2017,148,81.73,56.67,12096.04,8387.16,3708.88
Asia,Kyrgyzstan,Meat,Offline,M,10/2/2016,869532525,11/7/2016,2852,421.89,364.69,1203230.28,1040095.88,163134.40
Sub-Saharan Africa,Lesotho,Snacks,Online,L,11/1/2010,584719264,11/9/2010,279,152.58,97.44,42569.82,27185.76,15384.06
Australia and Oceania,Australia,Snacks,Online,M,4/19/2017,173741757,5/25/2017,2902,152.58,97.44,442787.16,282770.88,160016.28
Sub-Saharan Africa,Namibia,Cereal,Offline,C,5/11/2013,111648833,5/26/2013,8226,205.70,117.11,1692088.20,963346.86,728741.34
Sub-Saharan Africa,Gabon,Beverages,Offline,C,2/25/2015,493801820,3/3/2015,5787,47.45,31.79,274593.15,183968.73,90624.42
Europe,Denmark,Clothes,Offline,L,5/19/2013,585874545,5/25/2013,2152,109.28,35.84,235170.56,77127.68,158042.88
Asia,Philippines,Personal Care,Online,H,12/16/2014,173853337,1/10/2015,5921,81.73,56.67,483923.33,335543.07,148380.26
Australia and Oceania,Papua New Guinea,Household,Offline,H,6/30/2016,914037024,7/11/2016,2722,668.27,502.54,1819030.94,1367913.88,451117.06
Sub-Saharan Africa,Ghana,Cereal,Online,M,9/6/2015,483036935,10/5/2015,218,205.70,117.11,44842.60,25529.98,19312.62
Sub-Saharan Africa,Burkina Faso,Clothes,Offline,L,1/15/2015,227776896,2/11/2015,3100,109.28,35.84,338768.00,111104.00,227664.00
Sub-Saharan Africa,Malawi,Personal Care,Online,H,8/9/2010,215493237,8/29/2010,8093,81.73,56.67,661440.89,458630.31,202810.58
Central America and the Caribbean,Honduras,Meat,Offline,M,10/27/2010,583734786,11/5/2010,8950,421.89,364.69,3775915.50,3263975.50,511940.00
Europe,Sweden,Cereal,Online,L,1/21/2010,190362870,1/31/2010,1458,205.70,117.11,299910.60,170746.38,129164.22
Middle East and North Africa,Qatar,Cosmetics,Offline,C,2/8/2015,663551318,3/8/2015,8435,437.20,263.33,3687782.00,2221188.55,1466593.45
Europe,Monaco,Fruits,Online,C,2/8/2011,551786458,3/8/2011,4730,9.33,6.92,44130.90,32731.60,11399.30
Middle East and North Africa,Iran,Snacks,Offline,C,10/8/2010,273867118,10/23/2010,2221,152.58,97.44,338880.18,216414.24,122465.94
Europe,Italy,Vegetables,Online,H,9/19/2012,768904626,9/28/2012,4820,154.06,90.93,742569.20,438282.60,304286.60
Europe,Kosovo,Fruits,Online,M,11/11/2012,346322810,11/28/2012,3470,9.33,6.92,32375.10,24012.40,8362.70
Europe,Luxembourg,Personal Care,Offline,H,10/2/2015,535857999,10/9/2015,1145,81.73,56.67,93580.85,64887.15,28693.70
Asia,North Korea,Snacks,Online,L,8/18/2015,237559020,9/26/2015,7848,152.58,97.44,1197447.84,764709.12,432738.72
Sub-Saharan Africa,Mali,Beverages,Online,L,5/20/2015,671787202,6/23/2015,5616,47.45,31.79,266479.20,178532.64,87946.56
Central America and the Caribbean,Costa Rica,Baby Food,Online,H,3/8/2015,429216372,3/9/2015,3518,255.28,159.42,898075.04,560839.56,337235.48
Asia,Turkmenistan,Baby Food,Offline,H,4/3/2016,420832860,4/18/2016,2650,255.28,159.42,676492.00,422463.00,254029.00
Central America and the Caribbean,Saint Vincent and the Grenadines,Snacks,Online,L,2/11/2017,727935492,3/20/2017,1143,152.58,97.44,174398.94,111373.92,63025.02
Middle East and North Africa,Iraq,Cosmetics,Online,M,5/3/2017,152135598,6/13/2017,9159,437.20,263.33,4004314.80,2411839.47,1592475.33
Middle East and North Africa,Jordan,Beverages,Online,C,10/9/2013,265357005,11/18/2013,3889,47.45,31.79,184533.05,123631.31,60901.74
Asia,Bhutan,Personal Care,Online,L,11/29/2011,459836041,12/9/2011,4558,81.73,56.67,372525.34,258301.86,114223.48
Europe,Iceland,Snacks,Online,L,7/11/2014,198121535,7/28/2014,7420,152.58,97.44,1132143.60,723004.80,409138.80
Sub-Saharan Africa,Zambia,Cosmetics,Offline,H,4/20/2010,363074815,5/29/2010,761,437.20,263.33,332709.20,200394.13,132315.07
Central America and the Caribbean,Panama,Baby Food,Offline,H,7/2/2015,107869708,8/11/2015,9899,255.28,159.42,2527016.72,1578098.58,948918.14
Europe,Montenegro,Personal Care,Online,L,2/25/2017,905992543,2/25/2017,2182,81.73,56.67,178334.86,123653.94,54680.92
Central America and the Caribbean,Panama,Vegetables,Online,H,9/19/2014,701242148,10/28/2014,1990,154.06,90.93,306579.40,180950.70,125628.70
Europe,Liechtenstein,Fruits,Offline,H,4/13/2016,657729852,5/18/2016,5734,9.33,6.92,53498.22,39679.28,13818.94
Europe,Croatia,Personal Care,Offline,L,1/31/2012,209879481,2/8/2012,6857,81.73,56.67,560422.61,388586.19,171836.42
Sub-Saharan Africa,Nigeria,Fruits,Offline,M,2/16/2016,212427365,3/30/2016,833,9.33,6.92,7771.89,5764.36,2007.53
Sub-Saharan Africa,Nigeria,Vegetables,Offline,C,12/24/2016,690422332,12/31/2016,166,154.06,90.93,25573.96,15094.38,10479.58
Asia,Kyrgyzstan,Meat,Offline,M,11/9/2011,389225709,12/17/2011,9392,421.89,364.69,3962390.88,3425168.48,537222.40
Central America and the Caribbean,Saint Kitts and Nevis ,Snacks,Online,L,5/21/2010,824511325,5/25/2010,78,152.58,97.44,11901.24,7600.32,4300.92
Central America and the Caribbean,Haiti,Clothes,Offline,H,9/10/2015,432265508,10/26/2015,5824,109.28,35.84,636446.72,208732.16,427714.56
Europe,Kosovo,Cereal,Offline,H,1/12/2013,418787086,2/14/2013,7260,205.70,117.11,1493382.00,850218.60,643163.40
Europe,Belarus,Vegetables,Online,C,6/14/2011,710687386,6/18/2011,7046,154.06,90.93,1085506.76,640692.78,444813.98
Asia,Cambodia,Baby Food,Online,C,4/7/2017,404890239,5/13/2017,4874,255.28,159.42,1244234.72,777013.08,467221.64
Middle East and North Africa,Azerbaijan,Vegetables,Offline,M,2/21/2015,918631970,3/9/2015,2469,154.06,90.93,380374.14,224506.17,155867.97
Sub-Saharan Africa,Central African Republic,Beverages,Offline,L,4/24/2017,139461410,5/15/2017,8585,47.45,31.79,407358.25,272917.15,134441.10
Europe,Sweden,Clothes,Online,L,5/13/2014,975239884,6/25/2014,4009,109.28,35.84,438103.52,143682.56,294420.96
Sub-Saharan Africa,Sao Tome and Principe,Fruits,Online,M,11/14/2016,104141223,11/23/2016,6557,9.33,6.92,61176.81,45374.44,15802.37
Sub-Saharan Africa,Swaziland,Fruits,Online,M,10/6/2013,124651753,10/18/2013,6079,9.33,6.92,56717.07,42066.68,14650.39
Middle East and North Africa,Bahrain,Baby Food,Offline,L,12/17/2013,105570304,1/18/2014,9454,255.28,159.42,2413417.12,1507156.68,906260.44
Asia,Sri Lanka,Cosmetics,Offline,L,4/22/2012,536008203,5/3/2012,5593,437.20,263.33,2445259.60,1472804.69,972454.91
Central America and the Caribbean,Antigua and Barbuda ,Snacks,Offline,M,1/25/2016,175389277,2/28/2016,440,152.58,97.44,67135.20,42873.60,24261.60
Middle East and North Africa,Morocco,Household,Online,M,11/7/2010,103449857,12/20/2010,1966,668.27,502.54,1313818.82,987993.64,325825.18
Middle East and North Africa,Kuwait,Meat,Online,H,6/1/2017,570238769,6/23/2017,5178,421.89,364.69,2184546.42,1888364.82,296181.60
Europe,Spain,Household,Online,C,2/23/2012,546117341,3/12/2012,7112,668.27,502.54,4752736.24,3574064.48,1178671.76
Europe,United Kingdom,Baby Food,Offline,C,2/19/2014,871759402,3/7/2014,1834,255.28,159.42,468183.52,292376.28,175807.24
North America,Canada,Snacks,Online,H,4/6/2013,208151280,4/20/2013,5444,152.58,97.44,830645.52,530463.36,300182.16
Middle East and North Africa,Lebanon,Personal Care,Online,C,10/27/2011,886591804,12/15/2011,1072,81.73,56.67,87614.56,60750.24,26864.32
Asia,Nepal,Personal Care,Online,L,3/3/2013,358692300,3/22/2013,3877,81.73,56.67,316867.21,219709.59,97157.62
Middle East and North Africa,Bahrain,Baby Food,Offline,H,5/18/2010,646376597,6/1/2010,6054,255.28,159.42,1545465.12,965128.68,580336.44
Middle East and North Africa,Tunisia ,Baby Food,Online,C,9/20/2012,691881024,10/25/2012,1825,255.28,159.42,465886.00,290941.50,174944.50
Central America and the Caribbean,Dominica,Household,Online,M,8/11/2011,407754409,9/1/2011,2446,668.27,502.54,1634588.42,1229212.84,405375.58
Europe,Belarus,Baby Food,Online,L,9/1/2014,226858079,9/25/2014,1202,255.28,159.42,306846.56,191622.84,115223.72
Sub-Saharan Africa,Swaziland,Beverages,Online,L,8/24/2011,652365863,9/30/2011,8411,47.45,31.79,399101.95,267385.69,131716.26
Sub-Saharan Africa,Kenya,Fruits,Online,M,1/31/2016,907764089,2/13/2016,6421,9.33,6.92,59907.93,44433.32,15474.61
Sub-Saharan Africa,Gabon,Snacks,Offline,M,1/28/2016,286851584,3/14/2016,4613,152.58,97.44,703851.54,449490.72,254360.82
Europe,Sweden,Cosmetics,Offline,M,12/7/2015,403739678,1/17/2016,4398,437.20,263.33,1922805.60,1158125.34,764680.26
Asia,Singapore,Cereal,Online,L,3/27/2017,242852199,5/8/2017,4217,205.70,117.11,867436.90,493852.87,373584.03
Europe,United Kingdom,Beverages,Offline,C,1/26/2015,208925473,2/1/2015,4545,47.45,31.79,215660.25,144485.55,71174.70
Asia,Taiwan,Vegetables,Online,C,12/7/2016,777008330,1/7/2017,2887,154.06,90.93,444771.22,262514.91,182256.31
Asia,Turkmenistan,Office Supplies,Online,M,4/1/2016,242462098,4/26/2016,8778,651.21,524.96,5716321.38,4608098.88,1108222.50
Middle East and North Africa,Morocco,Clothes,Offline,M,4/17/2011,570960605,5/22/2011,8786,109.28,35.84,960134.08,314890.24,645243.84
Sub-Saharan Africa,Swaziland,Fruits,Online,M,7/17/2016,648490178,8/8/2016,1509,9.33,6.92,14078.97,10442.28,3636.69
Asia,Maldives,Vegetables,Offline,C,6/23/2013,331349647,7/29/2013,2579,154.06,90.93,397320.74,234508.47,162812.27
Central America and the Caribbean,Dominica,Snacks,Offline,L,11/30/2014,896150338,1/6/2015,9654,152.58,97.44,1473007.32,940685.76,532321.56
Central America and the Caribbean,Jamaica,Baby Food,Offline,L,10/28/2015,989816081,11/23/2015,7429,255.28,159.42,1896475.12,1184331.18,712143.94
Europe,Armenia,Office Supplies,Offline,C,3/22/2012,679583203,4/10/2012,2627,651.21,524.96,1710728.67,1379069.92,331658.75
Asia,Japan,Cereal,Offline,C,7/24/2012,103000533,8/9/2012,9001,205.70,117.11,1851505.70,1054107.11,797398.59
Europe,Albania,Clothes,Offline,L,3/20/2011,817929399,4/22/2011,2340,109.28,35.84,255715.20,83865.60,171849.60
Sub-Saharan Africa,Eritrea,Cereal,Online,L,12/20/2014,852543628,1/12/2015,5460,205.70,117.11,1123122.00,639420.60,483701.40
Asia,Sri Lanka,Personal Care,Online,M,7/16/2016,555329549,7/19/2016,3209,81.73,56.67,262271.57,181854.03,80417.54
Europe,Luxembourg,Beverages,Online,H,6/27/2013,345085990,7/27/2013,7468,47.45,31.79,354356.60,237407.72,116948.88
Central America and the Caribbean,El Salvador,Vegetables,Online,M,1/6/2012,260924279,1/27/2012,2147,154.06,90.93,330766.82,195226.71,135540.11
Australia and Oceania,Samoa ,Vegetables,Online,M,8/7/2015,412268245,9/8/2015,8190,154.06,90.93,1261751.40,744716.70,517034.70
Sub-Saharan Africa,Guinea-Bissau,Cereal,Online,H,8/22/2013,528854215,9/26/2013,8569,205.70,117.11,1762643.30,1003515.59,759127.71
Central America and the Caribbean,Guatemala,Snacks,Online,M,7/15/2015,410731017,8/21/2015,3290,152.58,97.44,501988.20,320577.60,181410.60
Australia and Oceania,New Zealand,Clothes,Offline,M,8/7/2016,378259980,8/16/2016,4389,109.28,35.84,479629.92,157301.76,322328.16
Sub-Saharan Africa,Cote d'Ivoire,Snacks,Offline,L,12/30/2016,822114932,1/11/2017,932,152.58,97.44,142204.56,90814.08,51390.48
Sub-Saharan Africa,Cameroon,Baby Food,Offline,L,5/22/2010,853282201,6/11/2010,4020,255.28,159.42,1026225.60,640868.40,385357.20
Asia,Cambodia,Fruits,Offline,H,6/6/2010,553060615,7/19/2010,1781,9.33,6.92,16616.73,12324.52,4292.21
Sub-Saharan Africa,Guinea-Bissau,Fruits,Online,H,9/9/2016,523061501,9/14/2016,4377,9.33,6.92,40837.41,30288.84,10548.57
Europe,Liechtenstein,Beverages,Online,C,11/20/2010,535208690,12/11/2010,9000,47.45,31.79,427050.00,286110.00,140940.00
Middle East and North Africa,Turkey,Household,Offline,L,8/24/2013,881738507,9/10/2013,4873,668.27,502.54,3256479.71,2448877.42,807602.29
Asia,Kyrgyzstan,Fruits,Online,C,8/7/2012,125199782,8/13/2012,8253,9.33,6.92,77000.49,57110.76,19889.73
Europe,Netherlands,Cereal,Offline,L,7/31/2011,948453843,8/17/2011,7424,205.70,117.11,1527116.80,869424.64,657692.16
Europe,Luxembourg,Household,Offline,C,9/12/2011,704674518,9/29/2011,7704,668.27,502.54,5148352.08,3871568.16,1276783.92
Sub-Saharan Africa,Sudan,Fruits,Online,L,2/18/2015,867348134,3/23/2015,6442,9.33,6.92,60103.86,44578.64,15525.22
Asia,Uzbekistan,Cosmetics,Online,M,10/7/2013,280273520,11/11/2013,8018,437.20,263.33,3505469.60,2111379.94,1394089.66
Europe,Iceland,Meat,Online,L,9/12/2015,107562005,9/15/2015,8842,421.89,364.69,3730351.38,3224588.98,505762.40
Middle East and North Africa,Bahrain,Office Supplies,Offline,M,2/24/2011,683637416,3/2/2011,2358,651.21,524.96,1535553.18,1237855.68,297697.50
Australia and Oceania,Papua New Guinea,Baby Food,Offline,L,2/18/2014,163236081,3/17/2014,4039,255.28,159.42,1031075.92,643897.38,387178.54
Sub-Saharan Africa,Angola,Cereal,Online,L,3/22/2013,371406829,4/28/2013,6389,205.70,117.11,1314217.30,748215.79,566001.51
Australia and Oceania,Samoa ,Personal Care,Offline,M,3/11/2013,953510987,3/31/2013,3945,81.73,56.67,322424.85,223563.15,98861.70
Asia,South Korea,Office Supplies,Online,H,2/8/2016,725222384,3/27/2016,8274,651.21,524.96,5388111.54,4343519.04,1044592.50
Australia and Oceania,Fiji,Cereal,Offline,H,7/7/2017,822527348,7/13/2017,2976,205.70,117.11,612163.20,348519.36,263643.84
Asia,India,Vegetables,Online,L,4/2/2010,651724708,4/22/2010,8679,154.06,90.93,1337086.74,789181.47,547905.27
Central America and the Caribbean,Saint Vincent and the Grenadines,Clothes,Online,C,12/4/2010,139425790,12/30/2010,8044,109.28,35.84,879048.32,288296.96,590751.36
Europe,Spain,Clothes,Online,M,9/17/2010,182554423,11/6/2010,765,109.28,35.84,83599.20,27417.60,56181.60
Middle East and North Africa,Egypt,Clothes,Offline,L,12/29/2016,398346936,1/27/2017,8565,109.28,35.84,935983.20,306969.60,629013.60
Central America and the Caribbean,Saint Vincent and the Grenadines,Cereal,Online,L,9/20/2011,474352157,11/1/2011,199,205.70,117.11,40934.30,23304.89,17629.41
Sub-Saharan Africa,Malawi,Baby Food,Offline,M,10/4/2015,618431413,11/2/2015,6453,255.28,159.42,1647321.84,1028737.26,618584.58
Sub-Saharan Africa,Togo,Clothes,Offline,C,12/21/2016,208758533,1/8/2017,5144,109.28,35.84,562136.32,184360.96,377775.36
Asia,Nepal,Fruits,Online,L,11/11/2011,943819844,11/13/2011,6121,9.33,6.92,57108.93,42357.32,14751.61
Australia and Oceania,Fiji,Personal Care,Offline,L,12/1/2016,992414176,12/11/2016,6263,81.73,56.67,511874.99,354924.21,156950.78
Sub-Saharan Africa,Rwanda,Clothes,Offline,M,11/3/2011,843652856,12/10/2011,4483,109.28,35.84,489902.24,160670.72,329231.52
Sub-Saharan Africa,Benin,Personal Care,Offline,H,6/19/2011,156959712,7/2/2011,6722,81.73,56.67,549389.06,380935.74,168453.32
Asia,Sri Lanka,Clothes,Online,C,7/19/2016,912071073,8/22/2016,953,109.28,35.84,104143.84,34155.52,69988.32
Europe,Andorra,Cereal,Online,M,7/24/2017,659035766,8/27/2017,2183,205.70,117.11,449043.10,255651.13,193391.97
Middle East and North Africa,Iraq,Cereal,Offline,M,8/7/2013,168215119,8/14/2013,7447,205.70,117.11,1531847.90,872118.17,659729.73
Middle East and North Africa,Lebanon,Office Supplies,Online,M,3/10/2016,280282962,4/20/2016,812,651.21,524.96,528782.52,426267.52,102515.00
Central America and the Caribbean,Honduras,Office Supplies,Online,L,3/17/2015,556225621,4/19/2015,8377,651.21,524.96,5455186.17,4397589.92,1057596.25
Asia,Singapore,Household,Online,M,12/10/2012,627341926,12/28/2012,3272,668.27,502.54,2186579.44,1644310.88,542268.56
Middle East and North Africa,Oman,Fruits,Online,H,10/4/2012,645243203,11/22/2012,657,9.33,6.92,6129.81,4546.44,1583.37
Sub-Saharan Africa,Zambia,Personal Care,Offline,L,4/20/2015,831853282,4/30/2015,2727,81.73,56.67,222877.71,154539.09,68338.62
Asia,India,Household,Offline,L,9/10/2014,129408490,9/15/2014,3703,668.27,502.54,2474603.81,1860905.62,613698.19
Sub-Saharan Africa,Malawi,Household,Online,H,6/29/2017,250457656,7/23/2017,4841,668.27,502.54,3235095.07,2432796.14,802298.93
Europe,Germany,Meat,Offline,C,3/7/2016,727862107,3/24/2016,9427,421.89,364.69,3977157.03,3437932.63,539224.40
Middle East and North Africa,Lebanon,Fruits,Offline,C,8/27/2015,264795672,9/24/2015,7779,9.33,6.92,72578.07,53830.68,18747.39
Sub-Saharan Africa,Ethiopia,Meat,Online,C,4/19/2014,784744679,4/29/2014,2244,421.89,364.69,946721.16,818364.36,128356.80
Sub-Saharan Africa,Liberia,Fruits,Offline,H,5/13/2015,681507956,5/19/2015,2204,9.33,6.92,20563.32,15251.68,5311.64
Asia,Bhutan,Cereal,Online,M,8/1/2015,669196832,8/24/2015,9068,205.70,117.11,1865287.60,1061953.48,803334.12
Europe,Serbia,Personal Care,Offline,H,7/16/2016,632235133,7/19/2016,1280,81.73,56.67,104614.40,72537.60,32076.80
Middle East and North Africa,Israel,Fruits,Offline,C,4/25/2013,975359189,4/30/2013,9314,9.33,6.92,86899.62,64452.88,22446.74
Europe,Romania,Household,Online,H,5/30/2013,373617827,6/24/2013,673,668.27,502.54,449745.71,338209.42,111536.29
Central America and the Caribbean,Cuba,Cereal,Online,C,4/2/2010,722372376,4/24/2010,4894,205.70,117.11,1006695.80,573136.34,433559.46
Middle East and North Africa,Bahrain,Beverages,Online,L,4/2/2017,387296664,5/15/2017,8544,47.45,31.79,405412.80,271613.76,133799.04
Sub-Saharan Africa,Eritrea,Cosmetics,Online,H,1/12/2011,954377019,3/1/2011,223,437.20,263.33,97495.60,58722.59,38773.01
Middle East and North Africa,Syria,Cosmetics,Online,H,12/6/2010,479912269,1/12/2011,5560,437.20,263.33,2430832.00,1464114.80,966717.20
Europe,San Marino,Snacks,Offline,L,8/16/2014,240513741,9/7/2014,2216,152.58,97.44,338117.28,215927.04,122190.24
Central America and the Caribbean,Saint Kitts and Nevis ,Vegetables,Offline,H,1/28/2017,683105266,2/1/2017,4883,154.06,90.93,752274.98,444011.19,308263.79
Sub-Saharan Africa,Namibia,Office Supplies,Offline,C,4/24/2014,974923169,6/10/2014,286,651.21,524.96,186246.06,150138.56,36107.50
Europe,Vatican City,Beverages,Online,M,10/12/2014,353516280,10/12/2014,2178,47.45,31.79,103346.10,69238.62,34107.48
Asia,Philippines,Personal Care,Online,H,11/5/2012,376745927,12/8/2012,6347,81.73,56.67,518740.31,359684.49,159055.82
Europe,Cyprus,Cosmetics,Online,C,4/23/2015,872785937,6/8/2015,5609,437.20,263.33,2452254.80,1477017.97,975236.83
Sub-Saharan Africa,Rwanda,Cosmetics,Online,M,11/15/2014,390122640,11/22/2014,4813,437.20,263.33,2104243.60,1267407.29,836836.31
Sub-Saharan Africa,Republic of the Congo,Cosmetics,Offline,C,9/5/2016,247554862,9/28/2016,5840,437.20,263.33,2553248.00,1537847.20,1015400.80
Sub-Saharan Africa,Seychelles ,Office Supplies,Offline,L,10/13/2011,484193933,10/23/2011,2599,651.21,524.96,1692494.79,1364371.04,328123.75
Central America and the Caribbean,Jamaica,Personal Care,Online,L,3/26/2011,309463679,4/21/2011,6035,81.73,56.67,493240.55,342003.45,151237.10
Middle East and North Africa,Lebanon,Household,Online,H,1/2/2012,353100430,2/12/2012,9119,668.27,502.54,6093954.13,4582662.26,1511291.87
Middle East and North Africa,Pakistan,Cereal,Offline,M,12/2/2015,415153014,12/14/2015,1857,205.70,117.11,381984.90,217473.27,164511.63
Middle East and North Africa,Egypt,Clothes,Offline,M,9/19/2010,815982758,10/1/2010,6286,109.28,35.84,686934.08,225290.24,461643.84
Australia and Oceania,Kiribati,Snacks,Offline,L,9/19/2011,146263492,9/20/2011,1472,152.58,97.44,224597.76,143431.68,81166.08
Europe,Bulgaria,Cosmetics,Online,L,7/26/2012,216981542,7/28/2012,8515,437.20,263.33,3722758.00,2242254.95,1480503.05
Europe,Norway,Beverages,Offline,M,10/15/2011,209435737,11/10/2011,5543,47.45,31.79,263015.35,176211.97,86803.38
Europe,Malta,Personal Care,Online,M,7/8/2016,725237405,8/26/2016,2719,81.73,56.67,222223.87,154085.73,68138.14
Sub-Saharan Africa,Burundi,Cereal,Offline,H,1/17/2016,636310374,2/17/2016,7235,205.70,117.11,1488239.50,847290.85,640948.65
Central America and the Caribbean,Belize,Beverages,Online,C,11/9/2015,234890973,11/10/2015,8314,47.45,31.79,394499.30,264302.06,130197.24
Sub-Saharan Africa,Mauritania,Snacks,Online,M,2/23/2011,783528029,3/18/2011,2210,152.58,97.44,337201.80,215342.40,121859.40
Asia,Indonesia,Fruits,Offline,M,4/30/2013,465082871,5/25/2013,7212,9.33,6.92,67287.96,49907.04,17380.92
Middle East and North Africa,United Arab Emirates,Personal Care,Online,L,12/9/2015,232729327,12/31/2015,8635,81.73,56.67,705738.55,489345.45,216393.10
Europe,Italy,Cereal,Offline,L,8/1/2013,659953725,9/15/2013,3828,205.70,117.11,787419.60,448297.08,339122.52
Sub-Saharan Africa,Chad,Cosmetics,Online,C,4/16/2013,590554893,4/26/2013,7171,437.20,263.33,3135161.20,1888339.43,1246821.77
Europe,Lithuania,Beverages,Offline,M,8/2/2015,288644158,9/21/2015,5076,47.45,31.79,240856.20,161366.04,79490.16
Asia,Malaysia,Meat,Offline,L,9/9/2010,988645350,10/11/2010,984,421.89,364.69,415139.76,358854.96,56284.80
Middle East and North Africa,Bahrain,Beverages,Offline,H,8/12/2012,845294797,9/22/2012,370,47.45,31.79,17556.50,11762.30,5794.20
North America,Mexico,Cereal,Online,M,7/4/2017,783641326,8/18/2017,5737,205.70,117.11,1180100.90,671860.07,508240.83
Australia and Oceania,Nauru,Beverages,Offline,C,1/1/2015,449046266,2/1/2015,1624,47.45,31.79,77058.80,51626.96,25431.84
North America,Canada,Cosmetics,Offline,C,9/23/2014,457183444,10/12/2014,9596,437.20,263.33,4195371.20,2526914.68,1668456.52
Europe,Croatia,Personal Care,Online,M,3/28/2012,144039189,5/14/2012,3252,81.73,56.67,265785.96,184290.84,81495.12
Sub-Saharan Africa,Cote d'Ivoire,Snacks,Offline,L,7/7/2015,715912330,8/12/2015,3222,152.58,97.44,491612.76,313951.68,177661.08
Asia,Laos,Vegetables,Online,M,11/14/2010,299414193,12/10/2010,2168,154.06,90.93,334002.08,197136.24,136865.84
Asia,Kazakhstan,Clothes,Online,L,3/15/2012,691468608,4/25/2012,9782,109.28,35.84,1068976.96,350586.88,718390.08
Middle East and North Africa,Tunisia ,Vegetables,Offline,M,10/1/2011,609311902,10/21/2011,7787,154.06,90.93,1199665.22,708071.91,491593.31
Sub-Saharan Africa,Angola,Meat,Online,H,3/4/2014,640492904,4/14/2014,4938,421.89,364.69,2083292.82,1800839.22,282453.60
Middle East and North Africa,Bahrain,Office Supplies,Online,M,1/20/2010,992872941,3/5/2010,2022,651.21,524.96,1316746.62,1061469.12,255277.50
Asia,Brunei,Office Supplies,Offline,L,7/19/2017,144625842,7/24/2017,6855,651.21,524.96,4464044.55,3598600.80,865443.75
Europe,Greece,Vegetables,Offline,H,6/6/2010,694237935,6/26/2010,9287,154.06,90.93,1430755.22,844466.91,586288.31
Sub-Saharan Africa,Ghana,Office Supplies,Online,C,10/9/2012,810508048,10/26/2012,6198,651.21,524.96,4036199.58,3253702.08,782497.50
Central America and the Caribbean,Saint Lucia,Meat,Offline,M,11/4/2011,982547509,12/15/2011,6497,421.89,364.69,2741019.33,2369390.93,371628.40
Sub-Saharan Africa,Rwanda,Office Supplies,Online,H,11/27/2014,869780147,12/18/2014,6129,651.21,524.96,3991266.09,3217479.84,773786.25
Asia,Laos,Beverages,Offline,C,2/24/2015,651942288,2/28/2015,3066,47.45,31.79,145481.70,97468.14,48013.56
Europe,Moldova ,Snacks,Offline,H,8/10/2010,579082763,9/2/2010,2313,152.58,97.44,352917.54,225378.72,127538.82
Australia and Oceania,East Timor,Household,Online,C,7/12/2015,521562898,8/6/2015,907,668.27,502.54,606120.89,455803.78,150317.11
Australia and Oceania,Marshall Islands,Baby Food,Offline,C,2/22/2011,420056521,4/8/2011,2914,255.28,159.42,743885.92,464549.88,279336.04
Sub-Saharan Africa,Guinea,Fruits,Online,H,1/18/2010,735549962,2/16/2010,4434,9.33,6.92,41369.22,30683.28,10685.94
Asia,Laos,Beverages,Online,H,7/15/2014,199342048,7/31/2014,8597,47.45,31.79,407927.65,273298.63,134629.02
Europe,Liechtenstein,Cosmetics,Online,C,10/27/2012,763044106,11/1/2012,562,437.20,263.33,245706.40,147991.46,97714.94
Sub-Saharan Africa,Democratic Republic of the Congo,Vegetables,Offline,M,2/14/2013,848579967,3/20/2013,2524,154.06,90.93,388847.44,229507.32,159340.12
Sub-Saharan Africa,South Africa,Meat,Online,L,2/19/2017,298185956,2/22/2017,8706,421.89,364.69,3672974.34,3174991.14,497983.20
Asia,Mongolia,Snacks,Offline,M,4/12/2016,824410903,4/16/2016,361,152.58,97.44,55081.38,35175.84,19905.54
